3112 5000
127 485 318 564 Concilione,
341 487 463 571 inquil,
494 487 615 572 Libyae
640 487 799 572 erioque
820 491 933 553 senata
956 486 1020 550 Pro
1043 485 1152 570 superi
1161 486 1174 548 l
1217 484 1382 548 Ausonius

125 586 216 650 miles
249 583 356 650 sedet?
399 587 563 670 Armaque
597 594 722 652 lautum
758 587 859 652 Haud
894 588 971 651 dum
1001 592 1130 670 sumpta
1156 586 1245 648 uiro?
1300 583 1381 648 Nam

126 693 230 750 celera
250 705 315 749 nou
337 685 412 750 lutet
433 685 540 750 leoslis.

209 785 250 848 lV
298 791 335 848 72
380 785 415 850 P.
456 785 625 852 Cornelius
656 787 765 871 Scipio
812 793 888 853 ante
925 785 1084 870 pr'oelium
1137 786 1179 850 ad
1230 784 1382 848 Ticinum

124 889 247 953 flumen
286 887 501 953 commissum
532 888 634 971 Alpes
671 888 884 972 contemptim
920 888 1011 951 colles
1046 892 1156 965 vocat,
1194 907 1269 951 cum
1304 885 1381 948 dicit

124 1008 222 1052 versu
246 995 286 1052 70
308 992 339 1052 et
363 987 411 1067 iis,
435 989 492 1072 qui
515 993 715 1072 sequuntur:
1149 1017 1150 1022 ¹

212 1088 263 1152 Eu
295 1109 352 1172 ape
387 1090 443 1174 qui
472 1109 581 1154 saeros
619 1097 738 1154 montes
771 1111 928 1176 rupesque
958 1089 1144 1176 profau-clas
1177 1087 1380 1159 Traussiluil.

126 1189 249 1270 Discat,
273 1196 390 1274 quanto
413 1195 475 1254 siai
497 1191 610 1255 celsius
632 1211 705 1256 aree
725 1190 886 1256 Herculea
907 1189 1025 1254 oollam
1049 1196 1075 1253 cl
1098 1189 1203 1251 maius
1217 1189 1268 1268 sit,
1290 1207 1380 1250 scon-

126 1291 201 1355 dere
224 1291 326 1371 colles,
355 1291 405 1353 ,iu
426 1295 545 1354 cestros
567 1293 693 1376 rupisse
713 1292 829 1376 plebes.

209 1391 332 1454 1v503
356 1409 396 1472 sq
418 1390 584 1456 Hannibal
605 1390 699 1456 Pado
720 1392 866 1469 traiecto,
889 1395 925 1456 ut
948 1391 1177 1476 Sempronium
1212 1389 1380 1454 consulem

123 1491 165 1556 ad
188 1511 312 1556 novam
333 1509 481 1574 pugnam
504 1491 641 1569 eliceret,
664 1511 740 1557 eum
763 1492 869 1556 ironia
891 1491 938 1556 sic
960 1491 1118 1574 gloriatus
1141 1495 1205 1555 est:

208 1592 343 1656 Ferioui
377 1611 463 1655 uuae
495 1592 630 1674 foedera
665 1614 785 1657 raecum
821 1593 978 1657 Ductores
1013 1592 1134 1656 Italum
1166 1613 1203 1655 oc
1238 1592 1318 1674 leues
1354 1589 1382 1654 ei

118 1699 218 1776 pocla
241 1693 427 1775 reposcant!

206 1792 336 1870 Imilce,
364 1789 560 1857 Hannibalis
583 1812 679 1871 uxor,
714 1812 789 1858 curn
812 1792 1106 1874 Cartbagenienses
1129 1792 1231 1857 filium
1254 1793 1380 1857 Hanni·

124 1891 208 1956 belis
244 1912 340 1957 sacro
376 1889 503 1956 Dianae
534 1891 772 1974 postulassent,
808 1893 850 1956 IV
884 1899 943 1956 787
975 1913 1015 1975 sq
1050 1893 1167 1958 acerbe
1195 1897 1312 1976 questa
1334 1894 1380 1958 sic

123 1993 245 2074 pergit:

208 2095 231 2158 I
253 2114 353 2174 nuuc,
377 2095 538 2159 Ausonios
561 2093 650 2176 ferro
680 2095 841 2176 populare
870 2101 1005 2178 penates
1039 2095 1083 2160 Et
1112 2097 1223 2160 vetitas
1257 2095 1400 2162 mollire.

122 2198 210 2261 aies!
256 2197 280 2260 Ι
308 2201 409 2279 pacta
450 2197 578 2280 resipna
618 2196 681 2260 Per
719 2201 845 2259 cunctos
871 2196 981 2258 iurata
1008 2194 1106 2258 deos!
1148 2197 1200 2260 Sic
1230 2197 1380 2278 praemia

124 2296 232 2362 reddit
256 2291 415 2381 Oariiapo
439 2305 467 2361 el
488 2297 567 2360 tales
588 2298 654 2360 iam
676 2316 760 2359 nuuc
782 2294 840 2358 libi
860 2297 952 2359 solvil
972 2295 1114 2359 honores.

208 2395 236 2458 V
269 2403 328 2460 162
356 2415 405 2480 sq.
444 2396 623 2462 Flaminius
661 2397 790 2475 consul,
825 2417 900 2462 cum
929 2416 1009 2461 suos
1041 2395 1250 2476 adhortatur,
1285 2397 1377 2462 dicit:

128 2501 211 2564 Nara
249 2499 326 2562 darn
356 2519 411 2564 eos
441 2520 548 2582 nuper
583 2506 610 2561 el
637 2500 715 2562 eatis
740 2499 903 2584 quaesitae
928 2497 1029 2578 fibrae
1050 2514 1212 2582 uanusque
1235 2506 1380 2564 moratur

125 2599 288 2684 haruspee
310 2601 420 2666 Solam
442 2601 508 2664 iam
530 2604 682 2682 superest,
710 2598 848 2683 Tarpeio
871 2600 1033 2682 imponere
1053 2604 1171 2665 cornu

208 2700 235 2760 V
258 2704 318 2762 317
342 2719 381 2782 sq
403 2699 543 2783 Appius,
564 2703 742 2782 postquam
765 2700 900 2765 Isalcem
923 2698 1042 2776 caesit,
1065 2699 1258 2780 Magonem,
1281 2722 1378 2783 gene-

124 2799 297 2878 rumeins
322 2801 376 2882 qui
401 2800 442 2864 ad
466 2798 577 2864 Isalcis
600 2805 738 2865 mortem
762 2800 995 2866 vindicandam
1018 2801 1280 2882 approperabat‚
1304 2821 1376 2866 curn

124 2903 245 2966 acerba
267 2902 417 2967 irrisione
440 2902 486 2964 sic
509 2899 704 2984 alloquitur:
728 2904 839 2987 Siqua
863 2901 920 2964 lili
935 2902 1056 2983 pietus,
1093 2902 1188 2964 ictum
1211 2922 1249 2965 ae
1272 2903 1379 2968 desere

122 3002 250 3084 foedus,
273 3003 317 3068 ,al
334 3023 487 3086 peuerum
510 3003 670 3082 comitere,
694 3006 802 3067 socer!

209 3103 234 3164 V
259 3108 319 3166 633
343 3123 382 3186 sq
404 3101 584 3168 Flaminius
606 3102 720 3168 consul
744 3121 832 3181 suos,
857 3103 912 3184 qui
935 3123 1047 3186 pugna
1070 3103 1113 3167 ad
1135 3105 1243 3168 lacurn
1254 3104 1377 3170 Trasu-

125 3223 260 3268 menum
296 3203 473 3268 commissa
503 3203 581 3284 fuga
610 3203 750 3268 salntem
781 3208 890 3284 petere
920 3209 1113 3288 coeperant,
1148 3205 1195 3270 sic
1217 3204 1377 3289 increpat:

126 3305 212 3384 Quid
235 3305 362 3385 deiude,
385 3305 473 3389 quiri,
497 3325 561 3385 oro,
585 3303 705 3385 Restat,
728 3305 769 3384 io,
791 3305 965 3388 prosapia?
1016 3306 1076 3370 Vos
1108 3329 1143 3370 eu
1176 3306 1219 3369 ad
1254 3309 1377 3371 moenia

125 3409 246 3472 Itomae
269 3406 396 3470 Ducitis
419 3404 651 3470 Hannibalern:
682 3425 735 3466 eos
758 3405 791 3467 iu
820 3403 957 3488 Tarpeio
986 3407 1140 3469 Touarais
1170 3407 1265 3469 Tecta
1289 3407 1378 3489 faces

123 3509 310 3592 ferrumque
332 3507 425 3571 dotis.

209 3607 259 3670 Vll
284 3613 345 3671 710
368 3628 416 3690 sq.
441 3607 502 3684 Qu.
527 3606 648 3670 Fabius
671 3604 824 3682 dictator,
856 3625 929 3668 cum
953 3605 1148 3683 Minucium,
1184 3609 1377 3688 magistrum

125 3708 283 3790 equiturn,
307 3709 349 3772 ab
371 3708 558 3773 Hannibale
580 3706 832 3772 circumclusum
860 3727 879 3770 a
903 3705 1047 3787 periculo
1072 3704 1267 3772 liberaturus
1281 3714 1376 3786 esset,

126 3809 187 3886 Qu.
210 3807 303 3872 Fabii
325 3808 381 3872 filii
404 3808 551 3873 animum
573 3809 623 3872 his
645 3806 753 3871 verbis
775 3806 981 3871 inflammare
1003 3807 1144 3872 studuit:
1167 3809 1377 3892 -Fortieeime,

125 3909 225 3974 letan
250 3909 344 3973 Hauc
361 3909 537 3992 pellamus,
574 3911 634 3988 ail,
671 3909 834 3992 Poenaque
855 3905 891 3970 ob
913 3910 1005 3972 milia
1025 3908 1131 3989 facta,
1159 3910 1252 3990 Quod
1274 3911 1377 3974 recellas

125 4011 242 4073 nastris
264 4011 352 4093 iperes
375 4009 561 4093 disperserit
583 4010 669 4073 areis
694 4009 834 4090 Dipuura
858 4007 1072 4092 enpeuduraus
1088 4012 1240 4094 pretium.

208 4109 251 4172 XI
288 4115 348 4172 236
380 4130 428 4190 sq.
459 4109 625 4175 Hannibal
653 4106 789 4172 Decium
817 4106 1030 4190 Capuanum,
1073 4111 1128 4192 qui
1151 4131 1237 4176 unus
1261 4113 1376 4178 foedus

125 4229 199 4274 eum
222 4208 408 4275 Hannibale
431 4210 619 4276 iaciendum
643 4207 769 4272 civibus
793 4205 1004 4288 dissuaserat,
1027 4209 1301 4294 comprehensum
1330 4213 1377 4278 sic

125 4309 312 4392 increpitat:
349 4313 375 4375 (l
402 4311 542 4392 demens,
566 4333 603 4377 en
615 4363 622 4392 ‚
647 4313 702 4396 prii
731 4312 839 4378 divum
865 4312 944 4376 milri
970 4323 1214 4380 muneralaeta
1237 4317 1377 4401 Eripiat.

126 4413 223 4477 Decio
240 4433 378 4496 prorsus
400 4413 547 4478 seruabar·
567 4415 663 4476 iuerii
685 4413 877 4478 Vincendus.
912 4415 1010 4479 Decio
1031 4415 1160 4498 imbelli,
1182 4420 1235 4481 eui
1253 4419 1377 4499 femina

125 4513 216 4577 rrrrlla
238 4515 318 4578 Oria
343 4516 374 4577 in
397 4516 570 4598 Aperanteia
593 4522 720 4578 uestrae
752 4514 956 4600 Curllrapiuie
979 4517 1044 4580 oris
1067 4517 1212 4584 Cesserit.

209 4614 253 4677 XI
276 4619 335 4677 603
360 4634 399 4694 sq
421 4614 578 4679 Barcinae
600 4615 704 4697 gentis
728 4616 871 4680 fautores
896 4617 1104 4698 Hannonem,
1127 4616 1183 4700 qui
1198 4617 1377 4682 Hannibali
