3182 4996
227 1249 364 1381 Tropus
387 1303 438 1364 est
459 1299 557 1365 dictio
580 1301 622 1365 ab
645 1321 683 1366 eo
707 1302 794 1381 loco,
831 1322 897 1384 quo
921 1303 1056 1385 propria
1083 1307 1148 1382 est,
1181 1305 1340 1369 translata
1367 1304 1400 1369 in

145 1415 229 1478 cum,
254 1418 320 1481 quo
343 1400 476 1484 propria
499 1421 567 1466 non
590 1405 649 1466 est.
673 1402 696 1485 ¹)
733 1402 879 1467 Utuntur
900 1407 1010 1468 autem
1034 1403 1210 1485 scriptores
1233 1409 1265 1468 et
1286 1403 1400 1487 impri-

144 1499 206 1564 mis
233 1499 366 1582 quidem
384 1505 502 1583 poetae
520 1502 625 1584 tropis
637 1522 879 1586 nonnunquam
895 1503 1008 1586 inopia
1021 1509 1051 1568 et
1067 1507 1211 1586 egestate
1225 1506 1400 1570 verborum

150 1600 265 1679 coacti,
289 1619 364 1664 cum
382 1601 426 1666 ad
440 1621 509 1666 rem
523 1602 670 1685 aliquam
692 1603 944 1685 significandam
966 1605 1100 1688 proprio
1121 1605 1284 1670 vocabulo
1308 1626 1396 1670 care·

144 1703 202 1766 ant
219 1705 365 1766 etnovas
388 1722 485 1766 voces
509 1705 567 1768 aut
587 1703 630 1768 ab
653 1704 841 1769 inveteratis
863 1705 1011 1770 derivare
1032 1709 1090 1770 aut
1103 1705 1249 1770 invenire
1262 1726 1400 1772 verean-

144 1805 210 1879 tur,
246 1801 410 1866 interdum
443 1805 577 1885 propter
608 1807 762 1882 metrum,
799 1805 992 1886 plerumque
1024 1805 1217 1869 elocutionis
1253 1810 1400 1886 amatus

145 1899 273 1980 cultuS,
307 1902 489 1968 venustatis
517 1922 632 1982 causa,
669 1924 753 1986 quos
780 1909 895 1986 tropos
922 1905 983 1969 nisi
1006 1905 1040 1968 in
1062 1905 1223 1970 sermonis
1245 1910 1401 1971 contextu

144 2003 230 2066 hene
260 2001 400 2084 intellegi
432 2006 490 2066 aut
510 2003 645 2084 probari
667 2023 735 2068 non
758 2023 857 2086 posse
879 2009 1139 2069 consentaneum
1161 2010 1221 2069 est.
1265 2006 1313 2070 De
1334 2026 1398 2071 nu·

144 2101 242 2167 meris
266 2105 298 2166 et
317 2102 491 2182 generibus
513 2106 687 2186 troporum
704 2104 847 2187 antiquis
864 2106 1068 2188 temporibus
1080 2105 1164 2170 inter
1180 2105 1399 2189 philosophos

144 2205 176 2267 et
209 2201 298 2269 viros
333 2203 566 2284 grammaticos
580 2203 621 2288 ²),
659 2207 697 2268 ut
722 2224 811 2270 nunc
837 2225 970 2288 quoque
1002 2206 1086 2270 inter
1117 2207 1203 2271 viros
1227 2207 1343 2272 doctos
1363 2208 1400 2291 ⁸),

143 2302 279 2368 minime
301 2307 440 2382 constat,
469 2323 535 2386 qua
557 2304 598 2368 de
620 2325 655 2369 re
678 2304 900 2383 Quintilianus
923 2326 973 2386 en,
1003 2325 1100 2390 quem
1123 2327 1224 2390 supra
1247 2307 1400 2385 diximus,

143 2405 217 2469 loeo
248 2405 355 2486 „eirca
384 2411 511 2488 tropum
536 2405 792 2490 inexplicabilem
822 2413 850 2472 et
874 2409 1096 2492 grammaticis
1133 2409 1216 2472 inter
1250 2412 1338 2492 ipsos
1374 2415 1401 2472 et

212 2623 232 2692 ¹)
251 2623 285 2677 Et
309 2623 476 2677 Graecorum
502 2629 530 2678 et
550 2624 742 2678 Romanorum
768 2623 820 2680 viri
845 2623 1016 2693 grammatici
1043 2624 1257 2694 philosophique
1281 2627 1348 2694 quid
1364 2625 1401 2681 sit

144 2713 241 2777 tropus
259 2707 329 2762 alius
347 2706 428 2761 aliter
444 2707 553 2763 docent.
572 2708 724 2778 Quodque
742 2710 840 2764 melius
858 2714 1041 2776 cognoscatur
1058 2725 1153 2762 eorum
1174 2713 1297 2762 veterum
1311 2724 1399 2777 gram·

144 2790 324 2855 mancorum,
355 2790 403 2860 qui
422 2791 578 2846 accuratius
595 2793 624 2848 in
643 2795 716 2848 hanc
733 2811 791 2848 rem
810 2792 1026 2862 inquisiverunt.
1053 2791 1204 2846 sententias
1222 2791 1318 2860 paucis
1337 2791 1400 2844 aise-

144 2891 212 2929 ram.
248 2873 339 2944 Atque
357 2880 388 2929 ut
404 2875 480 2945 prius
498 2875 663 2930 Graecorum
683 2877 855 2932 mentionem
870 2875 980 2942 faciam,
999 2875 1155 2946 Tryphonis
1173 2875 1328 2945 [Spengel
1346 2875 1400 2933 Rh.

144 2957 189 3011 Gr.
207 2958 261 3012 vol
282 2957 326 3013 Ill
352 2975 378 3028 p.
403 2959 463 3028 191]
485 2959 557 3028 tropi
584 2959 703 3014 difinitio
724 2965 766 3015 est
785 2961 866 3016 haec:
900 2965 1017 3028 ..Τρόπος
1035 2967 1064 3014 σε·
1081 2965 1133 3013 ἐστι
1152 2964 1227 3026 λόγος
1245 2963 1306 3012 κατὰ
1325 2983 1400 3026 παρα-

144 3047 242 3109 apamia
259 3051 306 3096 τοῦ
323 3051 413 3111 κυρίου
431 3047 570 3110 λεγόμενος
588 3050 651 3096 κατά
667 3067 723 3098 τινα
741 3050 850 3110 δήλωσιν
871 3051 1042 3113 κοσμιωτέραν
1066 3050 1083 3112 ἢ
1105 3052 1168 3098 κατά
1191 3051 1220 3098 τὸ
1238 3048 1400 3111 ἅναγκαῖον“;

145 3127 301 3182 accuratius
327 3131 421 3183 autem
446 3127 635 3198 Hermogenes
660 3130 706 3200 [de
728 3131 784 3185 inv.
802 3145 841 3185 or.
859 3130 1006 3200 Spengel
1022 3129 1076 3185 Rh.
1095 3130 1139 3186 Gr.
1157 3130 1184 3184 11
1203 3129 1265 3199 ms]
1282 3128 1349 3199 quid
1366 3128 1403 3182 sit

146 3217 241 3282 iropus
251 3211 290 3265 sic
305 3211 431 3282 exponit:
453 3218 539 3280 Tpenq'
556 3217 609 3266 ἔστι
627 3219 656 3266 τὸ
674 3218 710 3279 μή
728 3216 757 3274 ἔξ
771 3215 943 3278 ὑποκειμένου
961 3219 1107 3281 πράγματος
1118 3217 1254 3282 ditozptoc
1267 3217 1296 3265 δὲ
1309 3233 1401 3278 σημαν-

145 3301 217 3349 τικὸν
234 3297 315 3359 ὄνομα
338 3303 436 3364 θεῖναι,
466 3303 553 3352 notaria
579 3297 643 3353 εἶναι
670 3303 814 3362 δυνάμενον
840 3304 880 3352 καὶ
904 3307 951 3352 τοῦ
976 3302 1147 3362 ὑποκειμένου
1177 3303 1217 3350 καὶ
1241 3305 1286 3350 τοῦ
1307 3302 1403 3358 ἔξωθεν

145 3383 356 3451 ἐμφαινομένον“.
392 3382 539 3452 Gregorius
564 3384 725 3440 Corinthius
749 3381 869 3452 denique
886 3381 1042 3452 [Spengel
1058 3382 1104 3438 III
1121 3382 1192 3452 tlh]
1208 3387 1317 3453 tropum
1344 3399 1403 3439 esse

146 3468 206 3522 Vult
231 3471 337 3533 ,λέξεως
364 3472 456 3536 φράσιν
481 3471 508 3520 ἐκ
534 3476 580 3535 τῆς
603 3471 661 3521 καθ’
678 3471 769 3532 ἑαυτήν
787 3469 907 3521 ὁπωσοῦν
924 3472 1053 3532 ἰδιότητος
1070 3472 1233 3534 praetenuia
1250 3473 1402 3536 εἰληφνᾶιν“.

145 3553 185 3608 Ex
204 3553 310 3608 Latinis
327 3571 393 3608 vero
414 3554 602 3622 grammaticis
625 3553 693 3608 satis
714 3553 805 3607 habeo
829 3569 893 3608 cum
915 3551 1080 3621 Quintiliani
1102 3557 1163 3606 turn
1181 3551 1300 3607 Charisii
1318 3554 1402 3608 verba

144 3637 280 3702 attulisse,
298 3653 418 3706 quorum
436 3637 507 3692 alter
523 3636 604 3705 [Inst.
621 3641 690 3691 orat.
708 3634 769 3690 VIII
786 3639 812 3692 6.
831 3637 865 3706 1.]
885 3641 1004 3706 „tropus
1023 3634 1122 3705 inquit,
1140 3641 1182 3689 est
1199 3635 1275 3690 verbi
1292 3637 1335 3691 vel
1348 3653 1401 3691 ser·

145 3721 237 3775 monis
266 3737 283 3775 a
307 3721 417 3790 propria
439 3719 641 3790 significatione
668 3719 697 3773 in
724 3719 806 3774 aliam
834 3737 897 3775 cum
925 3719 1025 3776 virtute
1051 3719 1199 3784 mutatio“,
1226 3721 1295 3774 alter
1316 3719 1401 3788 [Keil

145 3805 189 3860 Gr.
216 3806 274 3860 Lat.
298 3804 312 3857 I
334 3804 406 3873 iit]
428 3803 506 3859 dicit:
536 3803 658 3875 „Tropus
674 3808 714 3858 est
732 3804 815 3859 dictio
833 3805 965 3858 translata
984 3821 1001 3858 a
1018 3803 1129 3873 propria
1146 3802 1348 3871 significatione
1367 3804 1401 3872 ad

145 3906 202 3944 non
219 3888 360 3959 propriam
377 3905 426 3958 per
442 3888 677 3944 sImilitudinem“.

212 3973 234 4040 ²)
255 3972 294 4028 CI.
312 3972 405 4028 Rich.
425 3971 617 4026 Volkmann
636 3972 695 4039 ,die
712 3971 835 4028 rhetorilr
852 3973 900 4026 der
917 3971 1053 4026 Grieehen
1071 3972 1129 4025 und
1146 3971 1271 4024 Rttmer.¹‘
1296 3973 1319 4025 1.
1338 3971 1400 4024 auti.

144 4056 253 4126 Leipzig
271 4056 338 4110 1885
355 4074 380 4126 p.
398 4057 448 4110 ne
467 4073 525 4125 sqq.

212 4138 243 4194 G.
261 4137 394 4206 Gathar,
413 4139 473 4206 „die
490 4137 606 4208 spraehe
624 4139 665 4194 als
681 4141 778 4194 kumt‘
799 4140 834 4194 11¹
852 4138 1004 4208 Bromberg
1023 4139 1095 4193 1873.
1113 4155 1139 4206 p.
1157 4139 1266 4194 24-32.

212 4221 367 4276 Muotzell
386 4237 490 4290 „progr
507 4221 556 4275 das
572 4221 754 4277 toachimsth.
772 4226 882 4292 gymn“
902 4222 972 4276 Berl.
991 4222 1065 4276 1842.

211 4306 242 4360 G.
258 4307 410 4360 Daunehl
431 4307 480 4372 „de
497 4306 609 4375 tropis“.
645 4307 756 4374 Quint
775 4307 840 4362 lust.
858 4305 904 4361 Or.
922 4307 958 4360 IX
979 4309 1000 4360 1.
1018 4307 1035 4359 5
1050 4321 1110 4373 sqq.

213 4389 234 4460 ⁸)
252 4391 292 4445 Gi·
313 4390 346 4444 R.
369 4390 561 4445 Gottschall
585 4391 706 4460 „poetik“
730 4389 845 4444 Breslau
868 4389 934 4444 1851)
956 4406 981 4458 p.
1001 4388 1133 4443 148-197
1153 4392 1180 4441 et
1198 4387 1335 4458 Imprimis
1353 4407 1399 4443 an·

145 4475 234 4544 nov)
252 4473 280 4530 in
300 4491 360 4543 pag.
380 4473 436 4527 149.

212 4557 241 4612 G.
261 4557 387 4612 Gerber
402 4558 420 4612 l.
439 4558 455 4611 l.
473 4575 498 4628 p.
516 4559 625 4613 32—34.
