3112 5000
747 275 886 366 ..ΛΨ
908 358 929 362 -

217 455 279 518 pro
300 433 393 501 clade
414 436 458 502 ad
479 435 599 500 Alliam
622 454 643 498 a
664 433 826 501 Romanis
850 441 984 517 accepta
1008 433 1048 498 Vl
1072 441 1132 501 555
1157 438 1246 500 Allia
1272 489 1279 501 .
1304 491 1311 501 .
1336 449 1470 503 »aaran

218 537 237 603 i.
261 558 288 602 e.
312 537 399 602 idem
422 541 537 615 terror,
560 541 661 618 atque
682 541 760 618 post
782 536 911 600 cladem
933 536 1122 600 Alliensem.
1167 539 1304 621 ,169663
1326 539 1472 620 leguntur

218 659 278 720 pro
299 638 394 704 clade
415 637 459 702 ad
480 638 624 719 Aegates
645 638 771 702 insulas
785 637 907 702 Poenis
926 637 1015 700 illata
1029 638 1071 700 IV
1085 643 1148 702 800
1169 661 1213 702 66
1232 641 1361 723 flendae
1377 643 1472 722 mogi*

218 744 352 823 deputes
372 744 406 804 et
426 739 472 803 XI
494 745 556 802 527
578 759 628 822 sq.
651 741 787 821 Aayotea
813 737 916 803 ..atu
929 739 999 801 dies
1022 740 1118 819 6666,
1132 759 1193 820 pro
1203 740 1368 805 dedecore
1384 741 1472 805 clade

216 841 271 905 itta
293 841 415 905 Poenis
436 845 532 922 parto
555 840 568 903 l
590 846 627 903 61
652 840 742 904 hauet
763 840 899 922 deputes
919 840 1042 902 abutere
1064 839 1272 924 [Hannsbal],
1296 843 1397 924 Alpes
1418 861 1472 923 pro

216 943 355 1007 transitu
377 941 511 1022 Alpium
535 941 594 1004 XII
616 945 678 1002 513
701 960 750 1022 sq.
774 940 832 1004 too
853 943 913 1003 Iter
935 940 1034 1023 Alpes
1056 989 1113 1003 ...
1134 948 1275 1005 struem
1297 943 1365 1006 tubi.
1402 942 1473 1004 Coe

216 1045 309 1126 liupo
336 1041 479 1123 denique
510 1046 561 1106 est
594 1060 654 1122 pro
684 1041 929 1122 expugnatione
953 1040 1162 1118 Carthaginis
1188 1041 1260 1104 XVI
1289 1049 1351 1104 664
1381 1051 1474 1106 restat

217 1141 377 1224 Conlaupo
400 1193 407 1205 .
430 1196 438 1208 ,
461 1142 560 1220 labor,
582 1161 642 1222 pro
665 1141 802 1206 consilio
824 1141 1032 1220 Carthaginis
1055 1143 1296 1222 expugnandae
1318 1143 1393 1206 XVI
1409 1150 1473 1221 162,

215 1242 271 1305 ubi
295 1242 426 1325 legitur:
453 1243 492 1306 Et
513 1249 646 1305 mentem
672 1240 832 1322 Carthago
851 1240 982 1324 fatigat.

344 1441 412 1522 ΙΙΙ
438 1441 594 1543 Tempus
619 1462 683 1543 pro
712 1462 763 1540 eo,
792 1442 885 1540 quud
909 1444 1069 1541 tempora
1095 1442 1149 1542 fit,
1175 1442 1349 1542 positum.

301 1613 379 1676 Ilias
404 1611 547 1676 maxime
577 1611 667 1674 varia
694 1610 726 1671 vi
756 1631 775 1672 a
802 1609 881 1673 Silio
910 1615 1087 1690 usurpatus
1113 1611 1274 1692 significat
1304 1613 1474 1676 victoriam

215 1715 268 1780 die
294 1713 441 1796 quodam
470 1717 599 1794 peltam
632 1711 728 1773 1457
757 1731 806 1792 sq.
839 1711 1013 1794 Murroque
1045 1711 1199 1774 secundos
1230 1711 1314 1776 11666
1344 1735 1476 1798 superos

215 1815 362 1880 tribuisse
384 1813 478 1894 dion,
499 1814 543 1876 XI
559 1818 629 1876 528.
653 1809 801 1889 Ithaca,
824 1810 951 1874 cladem
965 1811 1010 1874 XI
1024 1817 1085 1872 512
1108 1816 1140 1874 et
1159 1813 1273 1890 X408‚
1296 1815 1474 1894 perniciem

215 1916 302 1982 XVII
325 1921 386 1978 338
409 1917 481 1999 666
504 1923 546 1977 est
565 1915 634 1997 fisa
656 1912 734 1992 dies,
757 1913 859 1976 latum
883 1911 1056 1975 adversum
1081 1912 1131 1974 vel
1154 1918 1295 1976 mortem
1310 1916 1335 1976 V
1351 1921 1416 1979 589
1432 1939 1475 1998 sq.

146 2033 152 2044 ⁴
216 2039 291 2082 6661
316 2025 344 2079 lc
368 2067 374 2080 .
400 2067 406 2078 .
432 2066 439 2078 .
464 2024 535 2078 666
559 2015 627 2077 dics
650 2015 694 2096 [u
716 2014 797 2096 591]
820 2014 971 2097 carpail?,
993 2013 1090 2089 diem,
1121 2033 1187 2095 quo
1213 2015 1381 2080 Hannibal
1413 2019 1475 2082 cla·

214 2119 272 2182 des
294 2115 614 2196 Carthaginiensium
637 2116 764 2180 ulturus
787 2115 839 2190 sit,
862 2115 903 2178 111
929 2121 985 2175 141
1010 2135 1058 2196 sq.
1082 2114 1280 2202 breuitasque
1302 2124 1386 2181 udat
1410 2139 1474 2180 mra-

213 2217 321 2280 tnbilia
335 2218 431 2280 horae
441 2217 609 2301 prolatore
623 2217 717 2296 diem,
740 2217 884 2296 pericula
897 2215 1065 2296 temporis
1089 2236 1175 2296 quae
1189 2217 1258 2280 Silii
1272 2219 1473 2282 carminibus

214 2317 416 2396 immineant,
439 2317 480 2380 IV
497 2323 557 2379 399
581 2337 629 2399 sq.
653 2321 682 2379 si
702 2319 795 2381 modo
814 2317 1017 2399 semediata.
1034 2319 1222 2380 ..carticino
1238 2320 1473 2386 6666666166.

213 2417 368 2482 Similiter
390 2417 446 2481 lux
468 2436 528 2498 pro
552 2418 605 2482 die
634 2419 743 2499 posita
771 2419 932 2498 significat
957 2418 1127 2481 victcnmm
1150 2418 1194 2480 XI
1217 2423 1280 2479 529
1302 2438 1352 2500 sq.
1377 2421 1477 2484 auec

214 2521 277 2582 666
301 2519 504 2584 tribulatis
528 2519 646 2582 redeat.
695 2519 763 2582 Aba
786 2524 834 2582 est
860 2539 918 2599 pro
941 2519 1120 2582 concubitu
1142 2519 1242 2582 vetito
1266 2519 1375 2582 11503
1399 2521 1477 2584 mul-

213 2629 307 2706 taque
329 2640 516 2706 oppressum
540 2627 626 2683 nocta
645 2618 802 2702 podorem
826 2619 971 2702 [reliquit
994 2619 1090 2702 fides]
1114 2623 1146 2682 et
1167 2619 1211 2681 Ill
1233 2625 1294 2681 429
1317 2628 1383 2684 tum
1410 2643 1477 2686 noc·

213 2729 272 2783 66
295 2719 432 2784 Alcidae
452 2719 529 2783 aulis
545 2719 719 2804 plangebat
749 2721 780 2781 in
809 2722 922 2783 oretria
965 2724 1063 2784 Actus
1089 2720 1306 2802 intellegenda
1335 2727 1384 2786 est
1416 2723 1475 2788 ho-

213 2821 317 2886 mines
340 2821 367 2884 II
390 2826 450 2882 696
473 2840 554 2906 quus
577 2820 665 2882 nullu
689 2822 870 2904 copulauerit
893 2827 981 2883 aetus
1003 2825 1035 2884 el
1057 2821 1098 2883 Vl
1115 2827 1173 2882 152
1189 2842 1237 2903 sq.
1262 2823 1314 2883 cui
1332 2843 1400 2906 por
1428 2827 1476 2886 uic

215 2921 328 2986 cu'derit
355 2927 441 2984 octos
471 2920 538 2982 696
570 2921 673 2982 cirum
705 2925 737 2982 et
764 2921 806 2983 XI
832 2927 890 2983 123
923 2923 1019 2985 cantet
1046 2922 1205 3007 quondum
1228 2922 1356 3002 felicio-r
1385 2931 1476 2988 ueto*

214 3021 269 3105 [cl.
292 3023 374 3086 Aen.
398 3019 452 3082 Vll
477 3021 562 3102 bitot,
590 3039 710 3100 corpus
741 3020 855 3084 11184.
900 3024 1018 3084 Aer-nm
1047 3027 1095 3084 est
1122 3041 1182 3102 pro
1211 3021 1401 3084 bominibus
1438 3024 1474 3086 ll'

215 3127 275 3184 398
299 3127 522 3204 aeternumque
544 3119 640 3182 decos
662 3123 793 3182 6666νὶ
815 3121 1020 3184 celebratum·
1046 3142 1120 3186 aevo
1142 3121 1475 3186 etV11175.x113‘.>.

214 3221 299 3286 XVII
323 3229 351 3284 6,
397 3221 486 3284 Anni
507 3240 567 3300 pro
599 3221 695 3284 rebus
724 3221 822 3301 gestis
851 3221 950 3301 positi
972 3227 1049 3285 sunt
1070 3222 1111 3284 lll
1136 3228 1174 3284 73
1198 3223 1475 3287 6666166366-

215 3319 708 3386 66663666666666616666666
725 3342 835 3400 annos,
858 3340 918 3400 pro
935 3321 1034 3385 rebus
1047 3323 1164 3386 littoris
1183 3322 1256 3386 XIII
1270 3328 1332 3386 399
1348 3345 1475 3388 noscere

213 3429 359 3486 666666
386 3420 485 3502 agitat
513 3441 598 3482 666
623 3423 775 3504 protinus
805 3443 920 3503 annos,
956 3423 1010 3504 [cl.
1037 3423 1119 3485 Aen.
1142 3423 1169 3484 ll
1195 3423 1290 3506 198.].
1337 3424 1473 3488 Saeculo

213 3520 310 3585 Silius
334 3517 442 3600 posuit
466 3539 524 3599 pro
549 3518 737 3584 hominibus
759 3521 799 3582 IV
823 3527 883 3583 397
912 3522 1063 3606 optabunt
1085 3523 1204 3587 sim-iles
1226 3525 1385 3588 ¹uenientia
1405 3547 1473 3588 soe.

212 3622 285 3684 6636
305 3620 439 3703 fratrea,
470 3619 525 3701 [cl.
548 3619 630 3682 Aen.
659 3620 764 3682 1291.
789 3626 859 3684 606.
889 3621 1049 3706 V1793.]‚
1084 3623 1183 3686 rebus
1214 3623 1332 3688 suturis
1367 3624 1407 3688 Ill
1434 3631 1468 3686 11

210 3719 347 3804 fatidico
368 3719 483 3802 pandit
507 3719 662 3781 uenientia
684 3721 812 3783 soeculo
836 3719 913 3785 loco

211 3919 272 4000 Ill.
306 3919 539 4000 Abstruotum
564 3939 627 4020 pro
654 3918 703 4000 iis
729 3919 894 4022 personis
930 3925 966 4000 et
998 3922 1104 4002 robus
1130 3920 1303 4024 positum,
1341 3925 1469 4025 quibus

212 4061 253 4120 aa
293 4033 453 4136 qualitas
495 4034 649 4116 attribui
690 4039 971 4254 pibbsttibetilrlbo
1011 4037 1243 4119 substantivo
1288 4041 1467 4122 abstracto

298 4311 325 4368 l.
356 4301 502 4366 Primum
529 4321 626 4383 agam
658 4303 698 4368 de
732 4305 944 4370 substantivis
976 4307 1148 4372 abstractis
1180 4329 1239 4388 pro
1271 4311 1465 4376 animalibus

211 4411 269 4474 aut
291 4403 438 4486 partibus
462 4422 574 4467 eorum
598 4423 618 4465 a
640 4404 719 4468 Silio
742 4405 915 4486 usurpatis.
961 4406 1099 4470 Exstant
1124 4407 1211 4472 enim
1242 4411 1387 4476 lucemus
1408 4431 1464 4492 pro

284 4555 302 4622 ¹)
323 4555 361 4608 De
380 4554 475 4608 eadem
495 4569 524 4608 re
543 4554 655 4606 uberius
674 4555 728 4606 iam
746 4555 800 4621 egit
819 4555 922 4607 Paulus
940 4557 1060 4609 Verres
1078 4557 1106 4610 in
1124 4559 1374 4624 commentationis,
1398 4577 1464 4630 quae

212 4639 370 4696 Inscribilur
399 4639 454 4695 ..De
485 4637 545 4690 Tib.
571 4637 617 4688 Sil.
645 4637 702 4689 ltal.
726 4637 794 4689 Pun.
824 4644 848 4690 et
880 4637 938 4691 Ital.
966 4639 1051 4692 Iliade
1070 4648 1175 4707 quaest.
1194 4658 1308 4709 gramm.
1328 4650 1354 4696 et
1373 4651 1461 4698 matrs*

1074 4989 1101 4994 „.ss
1112 4990 1116 4991 ν
1130 4987 1360 4998 —-——-——-—-
1368 4963 1525 4994 “qur-*⁴¹⁴⁴
