3112 5000
661 351 668 354 .
731 265 849 354 22¹2„

131 424 222 502 tabo,
250 424 366 490 iterum
401 425 481 491 mihi
512 426 553 490 de
582 447 622 492 ea
642 426 816 492 dicendum
841 426 903 504 sit,
932 424 1011 508 quid
1040 427 1166 488 veteres
1180 421 1385 503 grammatici

133 524 174 588 de
196 524 301 590 ironia
323 525 526 606 tradiderint,
550 527 630 592 satis
653 527 760 592 habeo
784 525 933 592 attulisse
955 530 988 590 et
1009 526 1075 592 iarn
1098 527 1151 591 bic
1174 525 1215 592 de
1229 524 1384 590 omnibus

132 624 203 690 eius
224 626 408 708 generibus,
432 627 569 710 quaein
595 629 726 694 Punicis
748 629 967 707 inveniuntur,
991 626 1175 693 accuratius
1199 645 1304 706 agam.

399 835 430 916 Ι.
473 836 522 916 Do
549 858 728 920 sarcasmo
754 837 816 918 vel
843 835 1124 919 exacerbatione.

216 1003 274 1069 Est
297 1008 486 1086 σαρκασμός
509 1005 722 1071 acerbissima
743 1005 857 1084 ironia,
880 1006 980 1089 pterea
1000 1004 1083 1085 odio,
1105 1007 1141 1068 ut
1163 1002 1269 1086 inquit
1295 1001 1384 1066 Beda

134 1107 283 1192 [p.616],
299 1113 393 1190 atque
405 1106 529 1170 hostilio
542 1108 663 1188 irrisio,
686 1125 772 1190 quae
794 1107 975 1172 secundum
995 1105 1221 1170 Herodianum
1246 1104 1383 1187 [Spen-

134 1209 193 1288 gel
215 1207 278 1272 Rh.
309 1207 362 1272 Gr.
394 1207 435 1270 ΙΙΙ
463 1227 494 1290 p.
518 1208 573 1291 92]
599 1205 700 1288 ,perd
723 1205 897 1290 usurpator
918 1207 977 1271 τοῦ
999 1211 1196 1288 uaesanae
1222 1205 1385 1287 appellata

133 1313 191 1373 est.
169 1308 369 1373 tCuius
361 1308 485 1374 ironiae
507 1310 618 1376 baec
610 1331 642 1374 rn
666 1310 828 1374 Punicis'
819 1311 928 1375 inveni
950 1310 1112 1397 exempla:

219 1411 231 1473 Ι
254 1415 315 1473 384
338 1430 377 1492 sq
399 1410 528 1476 Murrus
546 1411 693 1476 Aradum
716 1414 815 1502 hasta
832 1415 1033 1494 prostratum
1056 1410 1102 1474 sic
1120 1409 1245 1474 irridet:
1269 1371 1386 1472 Faltaa

135 1513 283 1592 Pocae,
270 1533 368 1576 33333·
390 1519 470 1576 certe
493 1497 654 1596 Capitolia
670 1515 840 1597 primus
824 1512 1006 1576 Scandebae
1039 1513 1156 1576 uictor!
1185 1532 1265 1596 quae
1296 1517 1386 1574 tauta

133 1614 261 1676 licentia
283 1613 366 1675 uoti?
413 1611 505 1676 Nurac
527 1615 636 1697 Stppio
655 1613 709 1695 fer
729 1613 777 1677 tel
778 1615 810 1675 la
833 1614 924 1677 Jari!
944 1617 975 1676 et
997 1616 1123 1694 postea,
1147 1612 1227 1676 durn
1248 1611 1385 1676 oreiam

133 1713 199 1776 leto
222 1711 435 1794 singultantia
457 1713 571 1792 calcat,
595 1712 804 1777 acerbissime
827 1713 919 1777 addit
941 1714 953 1776 l
977 1719 1052 1778 389:
1079 1713 1149 1778 Hae
1172 1714 1233 1776 iter
1255 1719 1309 1792 est,
1336 1714 1385 1776 ia·

134 1815 211 1898 quit,
233 1813 319 1876 vobio
341 1811 385 1876 ad
407 1815 532 1877 incertia
556 1814 681 1878 Rornae.
734 1815 760 1877 0
782 1813 952 1877 metuenda
987 1815 1120 1876 manus!
1148 1814 1193 1875 333
1222 1833 1282 1896 quo
1307 1817 1384 1896 pro-

134 1916 256 1998 peratis
279 1913 426 1981 eundum.
469 1915 481 1977 i
509 1920 569 1978 389
597 1935 634 2000 sp
670 1913 816 1980 Ladmus
847 1914 1015 1992 Hiberum,
1054 1914 1247 1996 priusquam
1276 1912 1385 1994 gladio

133 2033 207 2078 eum
244 2013 359 2092 caedit,
397 2015 442 2078 sic
474 2015 581 2080 saevis
610 2015 718 2080 verbis
754 2015 944 2098 alloquitur:
992 2015 1152 2079 Narratio
1186 2015 1385 2080 Hamilcaris

134 2115 255 2178 umbria
278 2116 384 2197 Hauc,
407 2119 520 2201 iuquit,
543 2117 699 2198 deutrum,
723 2138 804 2201 quae
826 2119 890 2180 iam
909 2125 983 2200 post
1001 2117 1123 2199 fauere
1143 2117 1231 2200 vulpi
1257 2117 1384 2180 Horrui-

133 2217 233 2281 talerre
264 2217 349 2280 nabis
377 2220 518 2282 comiteur
550 2217 649 2281 dabit.
692 2218 704 2280 Ι
736 2224 797 2280 443
821 2237 861 2300 sq
883 2219 1020 2282 Daunus
1044 2217 1087 2282 ad
1108 2217 1328 2282 Hannibalem
1351 2217 1385 2280 in

133 2319 257 2401 proelio
289 2322 366 2384 ante
394 2319 529 2400 Sagunti
569 2319 701 2384 moenia
736 2323 850 2383 exorto
881 2317 971 2382 dicit:
1003 2320 1168 2400 Quaenam
1204 2325 1242 2398 te,
1272 2319 1384 2398 Poerre,

127 2426 285 2502 paternae
317 2423 389 2484 Huc
416 2421 553 2505 adipurot
582 2421 725 2486 Furiae?
778 2422 849 2486 Nou
880 2421 955 2485 leaeo
978 2419 1115 2483 Sidonia
1145 2426 1224 2484 tecta
1244 2421 1384 2502 feminea

130 2519 294 2601 fabricata
316 2542 414 2584 mauu
432 2525 573 2604 pretioue
599 2529 721 2606 parata
746 2521 955 2586 Epaulibuooe
984 2521 1094 2584 datura
1127 2519 1278 2585 dimensis
1308 2522 1384 2584 litus

131 2621 269 2685 tarenis.

217 2731 230 2794 l
253 2737 313 2794 486
337 2751 376 2816 sq
390 2733 528 2812 Murrus,
543 2734 600 2815 qui
611 2733 702 2796 urbis
726 2733 863 2814 Sagunti
882 2736 977 2814 porta
991 2731 1100 2814 aliqua
1112 2731 1240 2796 reclusa
1253 2731 1384 2796 Poenos

133 2832 264 2896 moenia
294 2833 474 2898 subeuntes
497 2834 622 2900 fortiter
648 2839 680 2898 et
702 2834 825 2916 ingenti
852 2831 953 2897 caede
976 2831 1115 2913 repellit,
1144 2832 1279 2896 tandem
1308 2851 1383 2896 curn

133 2933 319 2997 Hannibale
341 2953 547 3014 congressus,
570 2938 748 3019 postquam
760 2933 811 2998 hir
835 2935 952 2998 foedus
975 2955 995 2998 a
1017 2934 1179 2998 Romanis
1201 2953 1275 2998 curn
1298 2934 1384 2999 Has·

133 3032 269 3097 drubale
291 3040 486 3099 renovatum
507 3035 614 3120 irrisit,
635 3055 665 3100 v.
689 3042 749 3100 483
773 3036 818 3100 sic
845 3036 874 3099 ei
892 3034 1082 3115 respondet:
1108 3035 1285 3118 Haoptatao
1298 3033 1384 3114 adeo,

135 3156 220 3197 333333
243 3137 317 3198 alirn
335 3138 462 3218 proelia
479 3141 585 3222 praecii
607 3141 730 3224 Speque
752 3141 800 3201 tui
814 3139 936 3222 stuprat
948 3137 1073 3219 capitia,
1094 3137 1148 3218 fer·
1166 3135 1272 3199 debita
1287 3135 1383 3217 frau-

134 3235 210 3298 333333
233 3236 386 3300 Praemia
410 3247 438 3302 et
461 3240 588 3302 Italiam
614 3240 724 3304 tellure
746 3240 873 3323 inquire
895 3237 951 3300 aab
974 3239 1040 3300 ima
1062 3241 1094 3300 et
1122 3238 1227 3319 pergit
1252 3237 1294 3300 ib.
1322 3240 1383 3300 486

133 3356 172 3417 sq
193 3355 267 3400 cum
291 3357 472 3403 sarcasmo:
497 3341 643 3425 Lorrpuuo
666 3342 701 3404 ia
724 3340 913 3405 Dardanias
933 3338 1012 3420 fiaes
1035 3340 1104 3418 iter,
1130 3345 1222 3421 atque
1248 3337 1383 3400 aioaleru

134 3439 277 3520 Ppreueu
303 3439 460 3525 Alpesque
482 3443 539 3506 tibi
559 3463 629 3505 ruea
651 3441 782 3506 deutera
805 3441 911 3504 douai.

218 3547 343 3612 Similia
365 3551 523 3614 sareasnri
546 3551 694 3631 exempla
717 3550 750 3614 in
774 3548 873 3613 Iliade
892 3550 1024 3631 saepius
1046 3548 1107 3630 legi
1136 3567 1209 3611 curn
1238 3548 1288 3611 vel
1315 3549 1383 3612 cui-

133 3651 181 3712 vis
210 3653 325 3714 notum
353 3651 403 3729 sit,
432 3653 580 3735 exempla
608 3651 677 3715 eius
704 3670 771 3715 uon
799 3651 942 3715 afferam.
987 3650 1044 3712 XV
1073 3655 1132 3712 798
1160 3669 1198 3730 sq
1228 3649 1383 3713 Claudius

133 3751 219 3814 Nero
243 3752 367 3830 consul,
391 3753 467 3816 duur
492 3753 735 3818 Hasdrubalem
748 3753 856 3817 iaculo
879 3753 979 3816 ictum
1002 3754 1034 3814 et
1046 3751 1250 3814 vulneratum
1275 3749 1383 3831 gladio

133 3852 319 3929 obtruncat,
344 3853 381 3915 st
403 3875 467 3938 qua
488 3855 544 3918 sab
568 3862 703 3918 ratreara
725 3875 800 3918 33333
824 3853 979 3918 raarrrtata
1006 3853 1125 3936 refer-ri
1152 3852 1311 3916 Gerruauo
1338 3856 1384 3916 333

130 3953 215 4034 forte
237 3960 300 4033 tuo,
319 3954 519 4036 portabimus
541 3956 653 4038 inquit.
699 3956 771 4018 XVI
797 3961 834 4018 75
858 3977 897 4036 sq
920 3954 1029 4036 Scipio
1051 3955 1250 4018 Hannonem
1272 3971 1384 4035 pugna
1443 3955 1447 3965 '

133 4053 166 4116 in
190 4051 351 4134 Hispania
375 4055 549 4118 commissa
573 4057 683 4119 vivurn
706 4061 849 4138 captum,
873 4075 948 4119 curn
970 4055 1124 4120 manibus
1150 4057 1226 4137 post
1255 4060 1383 4135 tergum

133 4152 286 4216 revinctis
308 4173 368 4234 per
390 4154 515 4218 medios
538 4156 712 4220 Romanos
729 4156 908 4236 duceretur,
929 4155 981 4218 bis
994 4155 1099 4220 verbis
1114 4153 1239 4219 irridet:
1269 4154 1383 4236 Teuta,

134 4277 181 4333 eu,
209 4255 265 4338 qui
291 4275 388 4337 333333
415 4263 592 4337 reposcant,
619 4257 697 4336 erie
731 4257 820 4321 cedat
851 4263 923 4341 topa
955 4264 981 4320 et
1014 4256 1163 4338 armiferi
1191 4277 1268 4339 peres
1289 4276 1382 4318 sacra

134 4356 286 4436 Quirini!
308 4358 443 4420 Seruitia
465 4360 493 4419 oi
515 4364 580 4422 tara
600 4360 724 4441 faciles,
748 4380 806 4423 cur
828 4358 908 4424 bella
930 4358 1078 4442 refertis?

218 4466 279 4530 Hic
301 4467 400 4532 etiamr
423 4467 517 4549 plura
540 4469 696 4533 sarcasmi
720 4469 868 4552 exempla
890 4470 1026 4534 forsitan
1041 4469 1147 4534 afferri
1162 4470 1302 4552 possint3
1325 4469 1383 4533 sed

135 4588 209 4632 curn
233 4567 316 4630 de
296 4588 334 4631 ns
358 4589 424 4632 non
448 4570 527 4634 satis
551 4574 663 4633 consto
666 4571 848 4648 ,illusioni
873 4592 909 4635 33
934 4571 1097 4636 subiunxi.
