3112 5000
175 457 333 524 auxilium
357 460 554 524 mittendum
577 477 649 525 esse
671 460 737 526 aeri
759 461 907 526 oratione
929 463 1124 543 negaverat,
1155 459 1358 524 elamoribus
1382 459 1430 523 in·

174 559 381 641 terpellatum
404 561 450 625 sic
472 561 628 626 illudunt!
665 563 720 642 Si,
751 563 873 647 Libyae
901 564 1010 644 decies,
1045 561 1135 626 leand
1157 561 1216 624 rolli
1238 559 1431 644 superabilis

175 663 276 724 armis
298 662 467 726 Hannibal
487 670 531 727 cst
553 665 621 727 irae
645 664 711 744 tibi,
735 663 939 728 destituemus
961 663 1006 727 ad
1027 666 1116 748 ipsas
1137 663 1295 726 Victorem
1310 662 1432 726 metas?

258 761 309 826 Xll
334 767 374 824 45
396 783 435 845 sq
456 757 638 842 Hanuib'al,
668 783 744 828 cum
764 765 885 828 frustra
908 763 1029 829 Cumas
1056 781 1245 846 expugnare
1273 761 1430 836 studeret,

176 861 313 926 militum
338 861 467 927 animos
490 863 541 928 his
563 863 673 928 verbis
696 865 818 946 erigere
841 868 978 930 conatus
1002 869 1068 929 est:
1091 865 1154 945 Eoi,
1177 865 1233 950 qni
1251 883 1308 926 nos
1323 883 1432 946 sepnes

175 971 203 1026 et
226 965 346 1028 nescire
369 963 488 1029 addere
509 987 638 1029 crcrsnm
661 965 753 1030 Fatis
773 967 926 1048 iactastis,
949 965 1033 1050 quood
1054 963 1140 1028 nobis
1161 963 1314 1028 scandere
1328 983 1433 1047 anper

176 1064 250 1128 Non
280 1065 348 1129 acie
379 1087 416 1129 ea
438 1067 511 1150 ipsa
532 1085 711 1130 concessam
733 1068 857 1130 moenia
880 1067 1014 1145 Romae,
1050 1065 1175 1128 Intrate
1198 1070 1291 1150 atque
1314 1065 1430 1146 epodas

168 1168 349 1249 promissas
383 1165 455 1230 sede
494 1167 649 1230 Tonantis
679 1169 743 1232 His
750 1217 759 1248 ,
791 1189 872 1251 qnae
894 1168 999 1231 Graia
1021 1186 1137 1229 manas
1159 1163 1318 1246 defendit,
1359 1163 1431 1226 red-

175 1266 240 1330 dite
261 1269 358 1331 tectis.

259 1368 312 1432 ΧΠ
333 1375 394 1432 583
422 1369 510 1434 idem
532 1371 647 1434 urbem
671 1370 814 1434 Romam
837 1372 1088 1451 oppugnaturus
1112 1367 1224 1449 copias
1247 1367 1290 1431 ad
1320 1365 1431 1447 pristi-

176 1489 253 1534 nam
276 1470 428 1534 virtutem
450 1471 607 1534 tuendam
630 1471 680 1534 his
704 1469 810 1534 verbis
832 1469 972 1535 excitare
986 1469 1136 1534 studuit:
1159 1469 1321 1534 Intratam
1335 1469 1432 1532 Sena·

175 1591 251 1634 nara
275 1572 407 1654 capietis
428 1571 569 1634 millibus
592 1571 698 1634 arbem
724 1571 952 1655 Assnetamqae
982 1571 1072 1654 capi:
1099 1569 1247 1634 Fortasse
1267 1566 1432 1631 canalibus

176 1672 251 1735 altis
274 1671 348 1736 Iam
376 1693 445 1748 nos,
480 1671 618 1754 exemplo
635 1692 844 1754 proavorum,
868 1671 912 1734 ad
933 1671 1034 1735 nobile
1057 1673 1152 1736 letnm
1174 1669 1371 1752 Exspectant
1390 1668 1432 1731 de

174 1791 260 1836 more
281 1791 369 1837 senes
391 1773 546 1857 martiane
562 1778 736 1855 parantnr.
1098 1767 1102 1777 “

258 1871 343 1937 Cum
374 1891 452 1936 vero
483 1871 627 1953 procella
658 1871 767 1936 subito
798 1877 871 1936 orta
904 1871 1136 1956 oppugnanda¹
1157 1872 1238 1934 urbe
1274 1870 1430 1934 desistere

174 1977 308 2038 coaetus
331 1977 432 2051 esset,
465 1973 868 2056 exclamatX11633sq:
908 1975 1015 2039 Ventis
1037 1972 1160 2037 elebebis
1182 1973 1335 2034 nimirum
1366 1970 1430 2034 lile-
1554 2057 1555 2060 Ἴ

175 2075 295 2159 misane
322 2074 474 2158 procellis
510 2073 628 2155 Unam,
664 2076 780 2157 Roma,
813 2075 904 2140 diens.
950 2074 1013 2142 Sed
1041 2095 1104 2138 non
1126 2081 1153 2139 te
1176 2073 1318 2136 crastina
1341 2069 1431 2133 nobis

175 2176 250 2239 Lan
272 2196 414 2260 nnqnam
432 2177 554 2259 eripiet,
576 2175 745 2240 descendat
766 2177 897 2260 Jupiter
919 2179 986 2260 ipse
1009 2176 1049 2239 ln
1072 2184 1176 2240 terras
1198 2174 1276 2236 lieet.

258 2275 322 2339 Xlll
347 2279 384 2337 15
406 2295 444 2357 sq
473 2275 561 2339 idem
583 2276 749 2357 ignaviam
771 2277 920 2354 militum,
944 2276 998 2359 qui
1022 2276 1111 2340 nullo
1135 2274 1269 2340 vulnere
1292 2276 1427 2354 accepto

175 2377 277 2441 imbre
300 2397 338 2442 ac
360 2380 556 2458 tempestate
575 2397 595 2441 a
617 2377 727 2441 Roma
750 2377 994 2454 discessissent,
1022 2377 1068 2441 ita
1089 2375 1282 2456 exprobrat,
1313 2378 1350 2437 ut
1372 2393 1428 2436 eos

175 2478 364 2561 Carthagini
387 2497 522 2542 oausam
544 2479 641 2559 fugae
662 2478 876 2560 interroganti
898 2478 1133 2560 respondentes
1155 2475 1266 2540 iaciat:
1298 2475 1429 2554 Imbres,

175 2603 192 2644 o
212 2581 336 2664 patria,
360 2587 387 2643 et
407 2581 522 2643 raiatos
544 2600 615 2643 cani
634 2579 796 2662 prandine
818 2580 938 2642 nimbos
962 2579 1004 2642 m
1025 2581 1165 2642 tonitrus
1183 2576 1286 2660 faaio.

258 2680 315 2744 XV
337 2685 400 2742 474
421 2700 460 2761 sq
484 2679 580 2743 Silius
602 2679 863 2758 Hasdrubalem,
900 2680 956 2762 qui
979 2677 1175 2760 aScipione
1206 2678 1240 2741 in
1269 2675 1430 2758 Hispania
1555 2732 1556 2741 ,

176 2780 279 2844 vietus
301 2781 333 2844 in
357 2781 496 2845 Galliam
518 2785 743 2860 transgressus
766 2780 893 2845 Italiam
916 2779 1059 2862 petebat,
1083 2779 1129 2842 sic
1152 2777 1271 2842 illudit:
1296 2777 1429 2840 Italiam
1553 2843 1554 2850 ,

169 2882 333 2966 profnpns
355 2882 515 2966 spectabat
538 2889 566 2946 et
589 2881 696 2965 difies,
721 2881 872 2945 Praemia
894 2902 1012 2964 maqna
1032 2880 1140 2964 sapae.

260 2981 317 3044 XV
342 2987 401 3044 762
425 3001 473 3062 sq.
497 2982 607 3045 Livius
630 2981 794 3045 Salinator
820 2967 951 3059 consul,
984 3001 1058 3044 cum
1082 2981 1123 3046 ab
1158 2979 1366 3044 Hasdrubale
1397 2978 1429 3041 in

174 3100 286 3161 pugna
309 3082 351 3146 ad
373 3081 555 3145 Metaurum
580 3081 757 3146 commissa
780 3082 892 3146 leviter
912 3083 1100 3146 vulneratus
1124 3084 1223 3158 esset,
1253 3099 1349 3158 su05,
1373 3078 1428 3162 qui

175 3181 238 3245 hoe
274 3181 345 3245 visu
379 3182 503 3246 turbati
533 3182 629 3262 fugae
660 3202 695 3246 se
730 3183 836 3247 daturi
865 3187 970 3261 erant,
1006 3183 1064 3269 his¹
1079 3181 1186 3246 verbis
1209 3179 1427 3261 increpitavit:

176 3281 333 3347 Femineas
361 3282 481 3346 laesam
511 3304 594 3346 uana
620 3284 704 3345 inter
725 3304 844 3347 cornna
868 3305 983 3368 corpas
1025 3283 1187 3366 Unpnibns
1225 3288 1282 3345 ont
1306 3281 1428 3364 palmis

175 3383 287 3448 credas
302 3382 484 3467 pnerilibns
505 3385 610 3447 ictam.

259 3484 328 3548 XVI
348 3489 407 3548 612
431 3504 479 3566 sq.
505 3484 565 3562 Qu,
590 3484 711 3548 Fabius
733 3484 904 3563 Maximus
929 3507 1004 3550 curn
1026 3485 1135 3566 Scipio
1153 3485 1269 3547 consul
1289 3487 1427 3560 creatus

176 3590 213 3648 ut
234 3586 345 3650 Airiea
368 3585 428 3649 sibi
451 3585 619 3668 provincia
642 3590 733 3650 extra
755 3591 876 3650 sortem
901 3587 1133 3662 destinaretur,
1166 3606 1185 3648 a
1208 3589 1324 3648 senatu
1346 3583 1428 3666 peti-

174 3689 284 3766 visset,
307 3689 398 3771 prius
421 3685 642 3754 Hannibalem
665 3707 704 3750 ex
727 3686 819 3750 Italia
838 3688 1062 3769 repellendum
1077 3690 1258 3762 esseratuS,
1282 3705 1324 3748 ne
1338 3684 1427 3763 illud,

176 3791 285 3866 fieret,
317 3788 362 3852 sie
390 3807 464 3852 eum
489 3789 594 3853 ironia
617 3787 788 3852 dissuasit:
825 3789 936 3853 Hostis
960 3791 1040 3853 enim
1065 3788 1149 3852 deest
1171 3788 1351 3864 Aemoniam
1374 3807 1428 3851 nec

175 3892 298 3954 uincere
334 3888 423 3952 realis
454 3889 514 3953 Est
549 3891 628 3953 satis
661 3889 871 3952 Hannibalem
905 3895 936 3953 et
964 3891 1050 3954 idem
1073 3891 1142 3954 XVI
1166 3895 1225 3953 636
1248 3911 1286 3970 sq
1310 3889 1426 3972 pergit:

179 3991 229 4054 Ta
252 3990 362 4054 ‹tonsnl
385 3988 473 4051 abire
495 3991 523 4052 Α
548 3993 663 4054 uictore
683 4011 785 4072 paras
807 3990 892 4054 hoste
914 3999 1006 4075 atque
1029 3992 1159 4056 auellere
1188 3991 1275 4054 nobis
1303 3992 1427 4055 Scilicet

174 4090 230 4154 lioe
252 4096 325 4153 asta
347 4089 510 4154 Poenam?

260 4189 318 4252 Cui
354 4188 556 4270 respondens
589 4189 698 4271 Scipio
734 4189 808 4252 belli
846 4211 866 4253 a
897 4211 931 4253 se
959 4192 990 4254 in
1015 4193 1175 4274 Hispania
1198 4191 1321 4273 optime
1344 4191 1425 4272 gesti

174 4290 339 4366 admonet,
363 4307 436 4353 eum
461 4289 538 4352 dicit
562 4291 602 4354 ib.
628 4288 746 4354 iudea
768 4309 865 4354 versu
888 4299 961 4355 otti:
1006 4293 1074 4357 Non
1099 4293 1212 4371 Fectio,
1247 4313 1326 4373 non,
1355 4293 1426 4377 qais

176 4391 282 4454 eadem
307 4398 349 4452 est
371 4393 523 4454 sereioretin
547 4391 644 4471 cordi,
669 4390 830 4474 Qroopnam
856 4393 899 4455 ad
922 4414 1009 4474 opem
1034 4397 1128 4476 uerso,
1149 4395 1256 4476 fateor
1275 4394 1425 4478 primori-

175 4490 232 4552 bns
266 4492 360 4554 annis
395 4490 515 4572 decepi
552 4491 661 4555 orielem
699 4491 771 4555 belli
802 4493 947 4577 solersque
971 4498 1076 4558 ruenti
1099 4495 1203 4560 Obieci
1224 4496 1308 4560 caelo
1331 4501 1426 4578 capnt

176 4604 269 4681 atque
291 4591 325 4652 in
347 4611 395 4652 nie
419 4591 525 4652 inrito
547 4592 634 4652 'uerti
681 4591 760 4652 'lun
783 4592 968 4673 ararrdaeoa
990 4615 1105 4657 manas
1123 4616 1226 4678 praere
1254 4595 1336 4658 male
1362 4615 1425 4657 cre·
