3112 5000
718 291 913 379 Aet„

194 447 260 512 iarn
274 447 383 530 ipsum
395 449 570 514 audiamus
594 449 653 532 [IX
677 457 704 514 2.
728 456 769 513 44
795 453 865 535 sq]:
889 449 1088 532 „Elpnrruiur
1110 449 1229 525 inveni,
1251 446 1367 529 inquit,
1391 444 1439 528 qui

194 547 486 614 dissimulationem
522 554 667 614 vocaret:
704 572 770 632 quo
806 553 938 617 nomine
969 550 1046 632 quia
1077 569 1192 632 parum
1224 546 1326 611 totius
1348 545 1440 608 huius

194 647 319 726 figurae
340 647 426 711 vires
449 649 599 712 videntur
622 653 761 730 ostendi,
784 653 938 718 nimirum
962 651 1044 715 sicut
1066 650 1098 714 in
1127 649 1294 732 plerisque
1326 645 1441 711 erimus

194 767 312 829 graeca
334 750 553 833 appellatione
575 752 730 828 contenti,
751 753 849 834 igitur
871 750 1024 833 εἰρωνείιι,
1049 771 1135 832 quae
1156 754 1207 812 est
1228 749 1372 826 schema,
1404 747 1441 810 ab

195 847 258 927 illa,
282 868 369 930 quae
391 853 442 914 est
462 855 586 932 tropos
609 871 727 932 genere
750 853 822 935 ipso
845 853 922 918 nihil
946 850 1126 916 admodum
1149 849 1250 914 distat
1280 847 1329 932 [in
1356 851 1442 911 utro·

194 967 258 1029 que
281 949 367 1012 enim
390 951 590 1015 contrarium
613 949 651 1029 ei,
675 953 765 1035 quod
788 953 915 1031 dicitur,
937 950 1191 1032 intellegendum
1217 949 1293 1032 est],
1321 947 1443 1030 species

193 1066 271 1112 vero
293 1049 487 1131 prudentius
510 1050 648 1115 intuenti
663 1051 809 1117 diversas
824 1073 895 1117 esse
908 1053 1001 1118 facile
1014 1057 1064 1116 est
1077 1051 1290 1134 deprendere,
1304 1049 1442 1132 primum

194 1150 284 1230 quod
306 1154 421 1232 tropos
443 1151 587 1232 apertior
608 1157 666 1229 est,
690 1157 730 1230 et,
754 1173 957 1236 quamquam
985 1153 1072 1218 aliud
1096 1153 1173 1217 dicit
1196 1171 1235 1216 ac
1249 1149 1358 1229 sentit,
1381 1168 1443 1212 nou

195 1251 284 1316 aliud
306 1255 416 1316 tamen
439 1252 581 1332 simulat,
604 1274 681 1318 nam
704 1261 735 1319 et
757 1257 870 1321 omnia
892 1257 978 1320 circa
1000 1257 1066 1321 tere
1089 1261 1177 1320 recta
1200 1257 1287 1332 sunt,
1310 1249 1444 1316 utillud

194 1353 227 1416 in
250 1352 437 1418 Catilinam:
461 1375 481 1418 a
503 1373 570 1436 quo
592 1357 784 1439 repudiatus
807 1359 849 1422 ad
872 1359 1019 1422 sodalem
1038 1362 1142 1435 tuum,
1166 1357 1270 1420 virum
1285 1353 1443 1438 optimum

194 1455 359 1520 Metellum
391 1455 589 1538 demigrasti.
622 1458 656 1520 in
687 1458 819 1522 duobus
853 1458 987 1522 demum
1018 1459 1126 1522 verbis
1157 1461 1205 1521 est
1231 1455 1347 1530 ironia,
1372 1472 1445 1533 ergo

195 1555 293 1619 etiam
316 1556 447 1620 brevior
470 1560 518 1620 est
541 1562 664 1640 tropos,
689 1564 722 1623 at
744 1558 775 1622 in
798 1561 904 1640 figura
926 1560 1027 1624 totius
1055 1557 1233 1624 voluntatis
1267 1555 1357 1620 fictio
1393 1557 1446 1629 est,

195 1675 360 1740 apparens
381 1657 486 1738 magis
509 1677 610 1739 quam
633 1661 793 1737 contessa,
817 1665 851 1724 ut
875 1661 937 1725 illic
959 1661 1060 1724 verba
1082 1658 1147 1722 sint
1170 1656 1276 1720 verbis
1312 1655 1446 1730 diversa,

195 1755 248 1820 hic
270 1776 386 1820 sensus
400 1759 543 1822 sermoni
558 1764 590 1822 et
603 1759 676 1824 voci
698 1766 731 1824 et
751 1766 822 1826 tota
839 1762 967 1825 interim
985 1779 1106 1826 causae
1120 1757 1352 1830 conformatim
1375 1773 1447 1820 cum

195 1857 294 1922 etiam
324 1857 391 1922 vita
425 1859 580 1924 universa
611 1861 751 1925 ironiam
785 1862 906 1927 habere
953 1862 1112 1938 videatur,
1154 1858 1260 1940 qualis
1297 1860 1347 1920 est
1381 1856 1447 1919 visa

195 1960 370 2025 Socratis“

279 2061 392 2142 Neque
425 2066 537 2126 tamen
569 2082 643 2125 cum
688 2063 891 2140 Quintiliano
931 2064 1028 2127 ceteri
1073 2065 1200 2124 veteres
1245 2054 1447 2140 grammatici

195 2163 412 2240 consentiunt,
436 2183 453 2226 e
476 2163 595 2244 quibus
617 2163 840 2228 Anaximenes
862 2164 1040 2247 [Spengel
1063 2162 1126 2228 Rh.
1150 2162 1206 2226 Gr.
1230 2161 1243 2223 l
1264 2179 1297 2242 p.
1316 2159 1395 2243 208]
1418 2157 1448 2220 in

196 2263 291 2328 ithet.
315 2269 351 2324 21
378 2264 502 2328 ironiae
526 2268 656 2348 tropum
681 2264 727 2329 sic
749 2263 876 2329 definit:
900 2260 1057 2346 Εἰρωνεία
1079 2263 1112 2325 δέ
1135 2259 1205 2325 ἐστι
1230 2261 1332 2343 λέγειν
1354 2281 1387 2322 τι
1407 2255 1447 2344 μή

196 2367 484 2443 προσποιούμενον
505 2365 616 2447 λέγειν,
644 2361 664 2453 ἢ
696 2362 731 2428 ἐν
761 2367 828 2439 τοῖς
853 2361 1010 2439 ἐναντίοις
1035 2363 1178 2444 ὀνόμασι
1202 2360 1244 2425 ui
1271 2365 1447 2443 πράγματα

196 2468 480 2546 προσαγορεύειν.“
525 2466 683 2549 Tryphon
707 2467 830 2548 etipse
853 2465 991 2529 ironiam
1015 2471 1146 2549 tropum
1178 2484 1250 2528 esse
1280 2459 1385 2525 voluit
1409 2463 1447 2536 et,

197 2563 276 2646 quid
306 2565 356 2644 sit,
388 2566 439 2630 his
473 2569 579 2632 verbis
609 2567 783 2651 explicavit
816 2567 1002 2652 [Spengel
1036 2565 1101 2630 lth.
1133 2564 1186 2628 Gr.
1217 2563 1261 2627 ΙΙΙ
1290 2583 1321 2645 p.
1353 2563 1447 2646 205]:

197 2662 379 2747 „Eiponuiu
401 2666 473 2730 iuvi
495 2669 586 2751 λόγος
608 2667 662 2732 dui
683 2667 741 2731 τοῦ
762 2667 913 2730 ἐναντίον
934 2671 972 2730 rn'
994 2667 1143 2729 inmutav
1164 2669 1246 2744 plauci
1269 2687 1354 2738 τινος
1375 2663 1448 2749 iide-

196 2765 252 2849 κῆς
275 2763 474 2849 ὑποκρίσεως
496 2769 634 2850 δηλοῖν.“
681 2767 806 2833 Similia
827 2766 968 2848 deniqne
991 2765 1104 2832 isidori
1128 2767 1175 2849 [p.
1190 2766 1267 2849 520]
1292 2765 1332 2828 de
1344 2764 1448 2830 ironia

199 2865 300 2930 verba
323 2873 400 2933 sunt
419 2869 515 2933 haec:
539 2870 652 2933 ironia
670 2876 724 2950 cst,
744 2890 812 2932 cnm
826 2890 889 2952 per
904 2867 1146 2931 similitudinem
1162 2867 1332 2946 diversum,
1354 2885 1447 2949 quoru

199 2966 287 3046 dicit,
320 2969 458 3054 intellegi
489 2971 585 3054 cupit.
639 2971 691 3035 Fit
722 2977 838 3050 nutem,
876 2975 932 3030 ‹rut
961 2989 1030 3030 cum
1061 2967 1234 3030 lucidamus
1256 2989 1337 3047 eum,
1360 2987 1447 3050 quern

199 3069 382 3152 uituperare
404 3070 557 3143 uolumus,
581 3077 637 3133 out
657 3072 886 3153 vituperamus,
909 3090 999 3152 quemi
1021 3068 1159 3132 laudare
1184 3069 1334 3132 uolumus.
1380 3067 1448 3131 Hoc

198 3187 274 3233 cum
297 3170 377 3234 satis
401 3189 474 3235 raro
499 3170 693 3249 inveniatur,
717 3170 874 3254 anonymi
897 3171 1067 3234 cuiusdam
1091 3168 1209 3232 veteris
1245 3166 1447 3248 grammatici

199 3270 323 3336 ironiae
346 3270 502 3350 definitio,
527 3291 612 3354 quae
636 3273 724 3354 apud
747 3271 956 3355 Spengelium
982 3271 1061 3354 [Rh.
1085 3269 1138 3332 Gr.
1161 3269 1204 3332 ΙΙΙ
1230 3289 1259 3350 p.
1285 3268 1360 3350 140]
1396 3287 1448 3331 ex-

200 3373 273 3464 stat,
306 3389 379 3436 oum
412 3372 541 3438 brevior
573 3377 641 3438 tum
678 3372 844 3455 plerisque
874 3371 955 3436 loeis
988 3373 1095 3454 aptior
1121 3371 1353 3446 videturesse,
1376 3388 1447 3434 cum

200 3471 339 3538 ironiam
361 3469 529 3557 „inpletur
551 3479 664 3549 κακίας
686 3473 718 3536 di
738 3470 894 3558 εὐφήμων
915 3473 1091 3558 ῥημάτων“
1113 3471 1283 3552 significat.

285 3573 356 3656 lpse
388 3571 619 3654 Quintilianus
654 3575 708 3638 ubi
739 3574 780 3638 de
811 3580 901 3656 tropeo
930 3573 1054 3636 ironiae
1083 3572 1228 3654 loquitur
1250 3571 1336 3655 [Vlll
1360 3578 1388 3634 6.
1413 3575 1448 3632 54

200 3673 265 3756 qu,
288 3673 368 3740 haee
390 3673 432 3740 de
455 3693 493 3740 ee
516 3673 606 3738 dicit:
633 3674 670 3738 In
695 3697 727 3738 no
741 3695 813 3738 νονο
831 3695 955 3759 ponere,
977 3694 1037 3757 quo
1051 3675 1215 3736 contrario
1233 3671 1448 3744 ostenduntur,

202 3775 308 3838 ironia
331 3781 387 3840 eet:
413 3775 591 3842 tttuuoueu
615 3782 735 3856 uocarat,
762 3794 843 3859 quoe
874 3781 931 3836 out
957 3775 1221 3856 pronuntiatione
1259 3771 1448 3854 intellegitur

201 3881 257 3938 out
275 3895 416 3960 pereocta
439 3881 495 3940 uin
517 3877 564 3942 νον·
587 3883 714 3940 tratura.
759 3873 870 3954 Pergit
898 3873 956 3957 [ib.
992 3873 1062 3956 nil:
1100 3874 1233 3937 Praeter
1265 3873 1341 3936 hoec
1378 3889 1448 3933 uene

201 3983 245 4040 eat
268 3974 438 4060 allegoriae
463 3977 500 4060 ¹),
523 3983 557 4040 ut
581 3978 687 4040 tristia
714 3975 859 4039 dicamus
896 3973 1092 4038 mollioribus
1128 3973 1228 4038 uerbis
1262 3972 1448 4035 urbanitatis

198 4077 308 4160 pratia
330 4083 386 4140 aut
408 4075 565 4164 quaedum
588 4077 759 4144 contrariis
785 4075 1005 4160 significemus.
1056 4073 1186 4154 Species
1217 4091 1295 4136 vero
1328 4071 1448 4136 ironiae

201 4196 273 4242 esse
296 4175 373 4242 dicit
396 4175 611 4260 „nopaattptiu
646 4173 837 4256 α’στπσμόν,
860 4171 1071 4255 donimanum,
1093 4179 1305 4254 παροιμίαν“.

287 4275 456 4361 liquidem,
479 4275 549 4354 etsi,
573 4279 730 4358 utsupra
753 4273 828 4352 dixi,
852 4272 1014 4356 quasdam
1037 4275 1161 4340 ironiae
1184 4276 1310 4357 species
1342 4274 1447 4355 liguris

203 4377 468 4446 adnumerandus
491 4397 562 4444 cese
585 4395 714 4454 censeo,
738 4379 848 4441 tamen
871 4395 912 4440 ne
935 4375 1017 4440 inira
1041 4395 1116 4440 cum
1143 4376 1184 4440 de
1205 4375 1317 4456 figuris
1340 4375 1447 4457 dispu·
1537 4363 1538 4408 t

273 4631 290 4687 'l
312 4629 389 4686 culm
408 4631 524 4702 sponium
547 4629 660 4684 tmuium
683 4627 820 4694 intellegit.
