3112 5000
716 321 868 412 ,11⁸-

166 485 186 550 ll
210 491 270 549 612
296 507 349 568 sq:
374 486 546 571 Iudeopus
568 486 699 570 aureosi,
723 491 785 549 teto
802 485 886 571 quad
908 486 1009 550 nobile
1032 485 1151 549 mundo
1174 485 1351 548 Aeternum
1375 485 1423 546 in·

167 589 256 652 uictis
279 587 394 669 infelice
412 589 517 670 aleria
540 594 661 667 seruat,
695 585 727 650 lll
752 591 810 648 163
834 605 887 666 sq:
929 587 1010 651 Tum
1029 593 1126 670 puter
1153 586 1352 668 omnipotens
1384 634 1390 646 .
1415 635 1421 646 .

161 696 284 773 nentem
315 688 523 752 Dardaniam
556 737 562 750 .
588 737 621 750 ..
654 686 748 768 fama
775 707 939 750 saeuemem
962 688 1069 750 toliere
1092 686 1135 750 ud
1148 694 1236 750 astra
1257 684 1422 766 factorum

164 790 341 870 ineditam,
382 787 413 851 lll
448 793 509 850 594
541 809 593 869 sq:
632 789 716 852 Euin
746 808 778 850 33
808 785 946 851 Curibus
979 789 1080 851 uirtus
1103 787 1245 851 caelestis
1263 784 1307 848 ad
1330 791 1421 847 aetra

166 891 304 974 defferet,
331 889 380 952 Vll
411 896 468 953 19:
507 894 622 969 Surae,
651 910 707 971 993
735 895 762 952 et
785 889 910 952 emerito
932 909 1059 952 suerum
1082 894 1177 971 cap-ut
1199 887 1302 950 inrere
1325 885 1421 964 caela,

164 991 213 1056 Vll
238 995 278 1054 94
301 1011 357 1073 sq:
382 992 608 1076 Summamque
631 989 735 1064 decus,
758 1009 818 1073 qua
837 989 925 1054 telles
938 989 982 1052 ud
996 995 1086 1054 astra
1101 987 1245 1070 imperii,
1266 987 1421 1065 Romane,

165 1098 271 1177 eaput,
292 1089 353 1154 Vlll
376 1095 435 1153 293
460 1111 513 1171 sq:
546 1089 609 1154 Sed
628 1110 728 1173 93993
760 1089 922 1153 admotum
958 1091 1084 1173 eriperis
1116 1109 1335 1174 summumque
1357 1109 1422 1171 per

166 1193 245 1256 altos
269 1191 451 1276 Attinaebat
473 1210 547 1254 auos
569 1190 700 1269 caelum,
723 1189 783 1252 Vlll
806 1194 866 1252 593
890 1211 943 1273 sq:
967 1191 1106 1256 Mantua
1120 1188 1292 1252 Musarum
1305 1188 1421 1251 donares

166 1301 259 1379 atque
281 1293 325 1357 ad
347 1292 456 1356 sidera
470 1298 566 1356 cantu
581 1291 696 1356 Eurota
719 1292 832 1368 Aeneia,
856 1292 886 1355 X
908 1297 987 1355 308:
1011 1292 1161 1376 Misitque
1187 1290 1250 1352 uiri
1264 1291 1350 1353 inter
1377 1290 1420 1354 si·

166 1395 246 1460 dera
270 1415 397 1474 nomen,
427 1392 478 1456 Xll
500 1399 576 1456 411:
590 1457 597 1492 ὁ
613 1392 801 1476 Attolletque
824 1393 918 1457 duces
940 1393 1025 1456 caeto
1049 1389 1221 1474 [Ennius]‚
1259 1389 1322 1453 Xlll
1345 1395 1420 1453 791:

166 1496 215 1560 Aa
236 1501 372 1559 oestrum
395 1495 468 1557 tulit
489 1513 587 1578 neque
609 1493 653 1556 ad
675 1492 784 1555 sidera
810 1493 953 1574 Troiam,

251 1594 371 1678 quibus
394 1593 551 1674 exemplis
578 1591 777 1671 „travano
802 1591 881 1656 illud
904 1589 1097 1670 addiderim,
1121 1593 1211 1674 quod
1234 1594 1341 1656 exstat

167 1695 248 1760 XVll
272 1700 331 1758 606
356 1714 409 1776 sq:
436 1694 565 1758 Caelum
588 1695 659 1756 licet
681 1713 770 1756 omne
792 1693 896 1756 soluta
920 1694 961 1757 ln
982 1699 1079 1776 caput
1100 1691 1156 1756 leae
1177 1707 1325 1776 omnpaqe
1344 1699 1423 1755 ruat

168 1804 332 1881 terraeque
354 1795 526 1873 dehiscant,
554 1793 625 1856 Non
647 1793 711 1855 ullo
733 1791 862 1857 Cannas
884 1793 1029 1874 uiolatis,
1052 1793 1190 1877 Jupiter,
1213 1813 1295 1857 aeuo.

252 1901 281 1960 5.
306 1895 509 1958 Celeritatem
531 1893 703 1958 hominum
726 1893 823 1958 Silius
845 1895 890 1959 ita
912 1893 1096 1975 descripsit:

251 1995 315 2060 Xlll
339 2001 417 2058 242:
449 1993 555 2057 Ventis
575 1993 660 2076 fnqit
681 1997 767 2058 aeiar
789 1998 820 2058 et
842 1995 910 2058 XVl
934 2000 1009 2058 335:
1047 1994 1089 2057 Et
1110 2000 1217 2058 uentos
1232 2001 1307 2078 poet
1329 2001 1423 2078 terya

168 2098 328 2183 relinquit,

249 2203 281 2261 6.
304 2197 481 2260 barbarum
505 2195 740 2278 longitudinem
761 2195 823 2278 sic:

254 2297 318 2362 Xlll
341 2303 403 2361 310
424 2318 477 2378 sq:
505 2297 597 2360 Nunc
613 2299 764 2380 properis
786 2297 820 2359 in
835 2305 968 2380 pectora
990 2298 1096 2362 bardis
1130 2299 1263 2362 Verrere
1289 2297 1421 2360 humum

171 2404 203 2462 et
242 2397 388 2463 Heraclis
417 2397 563 2480 corporis
591 2395 796 2461 altitudinem
820 2397 871 2460 his
894 2398 1014 2461 verbis:
1060 2398 1139 2462 XVll
1172 2403 1248 2462 650:
1289 2397 1424 2462 Incessit

170 2501 291 2584 eampis
313 2506 444 2583 innuens
470 2497 658 2583 Tirynthius
679 2504 778 2561 aetra.

256 2605 283 2663 7.
307 2601 354 2664 De
376 2600 557 2665 clamorum
580 2597 788 2663 vehementia
810 2603 842 2663 et
864 2600 1012 2664 claritate
1034 2599 1133 2664 Silius
1154 2600 1244 2663 hunc
1279 2599 1313 2663 in
1348 2619 1424 2663 mo-

170 2701 250 2764 dum
274 2699 402 2764 cecinit:

256 2787 366 2862 V393
390 2820 441 2882 sq:
471 2800 600 2862 Clamor
623 2801 711 2862 uario
734 2800 917 2864 discrimine
943 2821 1052 2864 uacum
1087 2801 1163 2864 Fert
1197 2801 1269 2864 tetii
1304 2801 1425 2866 rabiem

174 2902 217 2964 ad
252 2921 383 2984 supano
420 2907 447 2964 et
475 2900 583 2964 sidera
604 2901 734 2984 polleat,
766 2900 835 2964 XVl
863 2906 916 2964 95:
958 2901 1102 2965 Tenuere
1129 2901 1211 2982 feris
1233 2901 1427 2966 elamoribus

172 3009 277 3083 aetra,
311 3001 378 3066 XVl
411 3007 485 3066 319:
526 3001 664 3065 Tollitur
692 3003 724 3062 in
755 3001 875 3066 caelum
895 3001 1015 3082 furiali
1036 3001 1161 3066 turbine
1183 3002 1320 3082 clamor,
1356 3002 1425 3066 XVl

173 3108 248 3166 437:
283 3103 327 3168 Et
349 3110 475 3186 questus
497 3101 778 3183 adadensium,
814 3099 894 3164 XVll
917 3105 977 3163 386
1005 3121 1057 3181 sq:
1095 3101 1137 3164 lu
1165 3102 1302 3166 clamore
1328 3103 1423 3166 lacer-

172 3211 246 3269 snnt
263 3204 380 3270 sidera.

258 3309 287 3368 8.
311 3303 485 3368 Multarum
503 3303 640 3367 alierum
664 3321 773 3367 rerum
794 3302 933 3366 altitudo
958 3323 977 3366 a
1000 3301 1076 3366 Silio
1100 3303 1145 3366 ita
1168 3303 1421 3380 demonstratur,

173 3411 210 3470 ut
232 3405 275 3470 ad
297 3408 385 3470 astra
407 3423 463 3468 eas
485 3403 630 3467 sublatas
653 3423 724 3466 esse
746 3402 843 3481 dicat,
865 3402 967 3467 velut:

256 3505 278 3568 ll
302 3510 361 3568 599
385 3524 437 3584 sq:
462 3503 610 3568 Certatim
634 3510 772 3566 structus
793 3502 953 3568 subrectae
974 3504 1065 3567 matio
1087 3504 1131 3568 ad
1153 3513 1242 3568 astru
1265 3505 1306 3568 In
1320 3507 1425 3570 media

174 3608 257 3671 stetit
278 3604 355 3668 urbe
376 3623 482 3688 93993,
505 3602 525 3666 11
549 3609 609 3666 658
633 3623 684 3684 sq:
709 3603 816 3689 Eriait
838 3611 908 3667 atra
934 3603 1121 3688 liliqrantem
1142 3606 1233 3688 fumo
1248 3627 1345 3688 raquo
1358 3607 1426 3669 alta

175 3706 219 3770 ad
255 3705 364 3768 sidera
391 3705 520 3784 nubem,
557 3701 589 3766 lll
619 3709 694 3767 624:
733 3704 773 3768 Et
802 3706 910 3789 iuuyet
935 3711 1041 3768 nostro
1069 3708 1254 3789 templorum
1284 3708 1424 3770 eulmina

174 3809 269 3887 eaelo,
291 3807 330 3870 Vl
355 3810 413 3867 185
436 3825 488 3886 sq:
516 3805 640 3870 Tantus
662 3805 792 3870 disiecto
815 3806 925 3871 tellure
946 3805 1002 3868 sut
1025 3812 1115 3869 astra
1137 3827 1300 3872 emusemn
1326 3807 1424 3870 nete

175 3909 211 3971 lit
234 3907 277 3970 ad
299 3927 433 3990 suranna
455 3914 551 3991 caput
574 3905 742 3992 [anguis]‚
777 3906 816 3969 Vl
839 3911 913 3970 272:
937 3905 980 3968 Et
1006 3907 1132 3970 solitum
1166 3909 1200 3970 in
1230 3909 1327 3973 99533
1356 3907 1425 3970 tolli

175 4016 271 4094 eaput
304 4007 469 4091 [anguis]‚
502 4009 553 4073 Xll
587 4015 644 4072 123
677 4028 733 4090 sq:
764 4008 873 4072 Letale
898 4006 1038 4071 veneta
1064 4008 1194 4090 subfuso
1216 4011 1305 4071 otras
1327 4009 1423 4088 caelo,

174 4107 254 4173 XVll
282 4114 342 4171 449
372 4129 427 4190 sq:
462 4111 601 4193 Lateque
631 4131 691 4193 per
730 4128 831 4172 aurae
859 4107 1036 4172 Undantem
1062 4116 1197 4194 torquet
1220 4109 1425 4194 perfundens

176 4209 427 4288 9919191αό399,
463 4209 542 4273 XVll
568 4214 628 4272 592
656 4229 708 4290 sq:
749 4209 803 4272 Ad
829 4215 917 4273 astra
944 4208 1067 4272 Eoomit
1083 4216 1196 4293 pastas
1212 4232 1275 4294 per
1296 4210 1424 4274 saecula

183 4309 316 4376 Verbiuo
334 4313 430 4395 tanes,
452 4309 590 4373 V111434
613 4329 664 4389 sq:
689 4309 835 4391 01193919
851 4309 967 4392 procul
988 4310 1045 4372 sub
1062 4311 1124 4374 saie
1138 4331 1266 4374 cornone
1284 4312 1425 4394 Aquino

175 4413 353 4496 uariauinea
375 4412 544 4476 uibrantin
567 4410 676 4473 nubila
690 4411 767 4489 luce,
790 4409 830 4472 lX
846 4415 919 4473 241:
945 4409 987 4472 m
1000 4417 1115 4474 erectas
1129 4409 1244 4473 attollit
1259 4409 1423 4494 [elephas]

177 4514 221 4579 ad
242 4513 372 4579 aeruna
394 4532 502 4576 murae
525 4513 580 4594 [=
602 4515 706 4574 turres
729 4510 762 4574 in
785 4510 884 4574 dorso
908 4509 1057 4593 positas]‚
1089 4509 1158 4573 XlV
1181 4515 1256 4574 300:
1298 4507 1425 4590 Turris,

179 4614 352 4696 multiplici
373 4632 506 4693 3999393
529 4611 572 4672 ad
594 4611 700 4674 391399
725 4616 818 4685 tenta,
856 4609 925 4672 XlV
948 4613 1008 4671 505
1028 4629 1083 4689 sq:
1120 4613 1180 4670 Neu
1213 4610 1424 4693 splendentem
