3182 4996
814 303 832 361 9

191 463 390 548 philosophia
409 484 553 548 puppam
576 486 641 530 esec
664 466 723 544 cit,
759 488 841 552 quac
867 468 933 530 sint
958 487 1093 550 perrara,
1124 487 1206 552 quac
1232 467 1365 549 specics,
1396 473 1452 552 qui

193 584 361 646 nummus,
396 566 468 650 quis
489 565 603 651 cuique
622 565 833 631 subiciatur.“
878 565 963 631 Nam
994 565 1028 630 hi
1054 566 1135 647 tn‘a,
1173 565 1218 630 illi
1248 585 1368 632 novem
1400 567 1450 631 vel

194 663 309 732 decem
333 667 391 730 aut
421 664 520 730 etiam
554 665 649 748 plura
686 670 859 750 troporum
892 686 1012 748 genera
1038 686 1111 732 esse
1139 667 1267 746 volunt,
1299 685 1374 732 cum
1397 667 1451 732 alii

194 765 355 830 nonnulla
382 765 512 830 dicendi
541 786 680 847 genera,
716 787 802 849 quae
830 768 1025 851 plerumque
1056 769 1090 832 in
1115 772 1290 850 troporum
1312 787 1450 833 numero

192 866 366 945 hahentur,
389 866 423 930 in
444 867 567 948 figuras
588 869 739 932 referant.
784 867 911 946 Quibus
931 869 972 934 de
987 868 1155 934 sententiis
1173 867 1331 934 iudicium
1345 869 1451 934 tacere

192 987 268 1032 cum
300 971 333 1032 et
363 967 498 1049 longum
534 967 577 1032 sit
598 987 706 1052 neque
727 967 771 1032 ad
793 969 1002 1050 propositum
1022 988 1134 1034 meum
1156 969 1338 1052 pertineat,
1370 974 1451 1053 quot

191 1071 224 1132 et
246 1087 332 1150 quae
355 1068 485 1132 dicendi
507 1087 628 1150 genera
650 1068 804 1152 equidem
824 1073 939 1151 tropos
962 1089 1034 1134 esse
1056 1074 1168 1152 putem
1192 1073 1225 1134 et
1246 1089 1313 1152 quo
1336 1069 1451 1134 ordine

192 1168 233 1233 de
264 1168 304 1233 iis
326 1168 556 1250 disputaturus
578 1169 659 1248 sim,
692 1169 773 1236 satis
795 1170 904 1235 haheo
927 1171 1043 1252 paucis
1064 1169 1279 1252 significasse.
1320 1170 1449 1253 Duplici

191 1268 293 1335 modo
322 1268 458 1353 propria
490 1269 612 1335 locutio
648 1289 725 1336 cum
755 1291 809 1347 ea,
848 1290 934 1354 quae
968 1292 1037 1336 non
1069 1271 1205 1354 propria
1236 1275 1298 1350 est,
1331 1272 1450 1336 mutari

192 1375 319 1454 potest,
357 1375 458 1454 atque
479 1371 623 1453 primum
646 1371 778 1454 quidem
802 1373 861 1452 ita,
894 1373 1016 1439 utalia
1038 1373 1203 1457 quaedam
1225 1393 1277 1438 res
1299 1373 1349 1437 vei
1372 1392 1450 1455 pars

192 1473 265 1537 eius
297 1472 524 1555 proprietasve
553 1493 614 1556 pro
645 1473 711 1538 alia
733 1478 875 1554 cognata
897 1479 1058 1556 ponatur,
1093 1473 1214 1540 deinde
1236 1479 1271 1540 ut
1302 1473 1451 1538 eiusdem

191 1574 238 1639 rei
272 1573 323 1638 vel
358 1593 436 1657 pars
470 1573 521 1638 vel
549 1573 734 1656 proprietas
762 1574 832 1657 (aut
859 1575 1047 1657 propinqua
1074 1579 1107 1639 et
1132 1575 1286 1658 finitima)
1309 1575 1343 1638 in
1366 1575 1454 1639 illius·

191 1675 300 1739 Iocum
322 1675 549 1740 transferatur.
605 1673 663 1739 Ilio
684 1673 815 1739 dicendi
838 1695 954 1758 genere
975 1676 1002 1740 is
1025 1679 1156 1758 tropuS,
1190 1675 1246 1758 qui
1267 1675 1452 1754 translatio,

192 1775 315 1840 Graece
335 1780 520 1857 μεταφορὰ,
541 1774 605 1838 hac
628 1775 684 1856 qui
707 1775 918 1858 synecdoche
939 1781 1077 1841 vocatur
1092 1771 1240 1841 efficitur.
1273 1777 1452 1860 Utriusque

192 1875 312 1940 multas
334 1875 460 1957 species
483 1894 557 1939 esse
579 1880 728 1959 apparet,
759 1895 843 1958 quas
865 1877 1050 1942 accuratius
1073 1895 1267 1942 enumerare
1289 1877 1451 1955 omittam,

190 1975 383 2059 praesertim
406 1995 481 2040 cum
504 1975 538 2040 in
560 1975 623 2042 hac
647 1977 926 2042 commentatione
948 1997 1003 2055 ec,
1039 1997 1139 2060 quem
1162 1977 1242 2057 dixi,
1273 1977 1388 2042 ordine
1410 1979 1452 2042 de

191 2075 293 2160 tropis
316 2076 544 2160 disputaturus
566 2097 634 2142 non
662 2076 735 2142 sim.
779 2079 903 2160 Immo,
939 2082 1102 2162 quotquot
1135 2078 1451 2144 commemoratione

191 2177 281 2260 digni
303 2181 389 2259 sunt,
412 2177 489 2243 trito
512 2177 627 2244 ordine
649 2179 861 2244 enumerabo.

558 2329 610 2412 A.
662 2331 725 2412 lie
751 2330 1070 2412 translatione.

274 2481 488 2565 „Translatio
520 2489 577 2564 est,
612 2481 718 2564 inquit
747 2481 941 2546 Cornificius
965 2481 1043 2564 (IV.
1066 2484 1117 2546 34.
1140 2484 1208 2547 45.)
1231 2503 1301 2546 cum
1324 2482 1451 2546 verbum

191 2585 224 2646 tn
249 2582 414 2669 quandam
435 2603 505 2647 ram
527 2583 744 2668 transferetur
766 2605 803 2648 ac
821 2582 890 2647 clia
907 2605 952 2664 rc,
974 2583 1198 2668 quodpropter
1207 2582 1451 2648 stmilitudinem

192 2690 273 2750 recte
293 2683 452 2748 videbitur
468 2705 564 2770 posse
586 2685 794 2767 transferri‘t
838 2682 994 2748 Similiter
1015 2683 1114 2749 huius
1132 2683 1219 2766 tropi
1233 2683 1300 2748 vim
1318 2683 1454 2766 exponit

192 2784 353 2868 Tryphon
374 2803 451 2850 cum
466 2784 546 2850 dicit
568 2785 601 2868 (l.
624 2783 645 2849 l.
666 2807 698 2869 p.
721 2791 778 2848 191
803 2784 880 2868 sq.):
929 2789 1132 2868 ,Μεταᾳορά
1155 2785 1227 2847 ἐστι
1249 2784 1333 2860 λέξις
1355 2808 1452 2864 μετα·

190 2893 352 2972 φερομένη
382 2883 453 2948 ἀπὸ
483 2884 543 2950 τοῦ
564 2891 676 2966 κυρίου
695 2885 752 2948 ἐπὶ
772 2884 811 2949 cd
833 2885 878 2971 μή
899 2888 1011 2965 κύριον
1033 2885 1204 2968 ἐμφάσεως
1226 2883 1246 2968 ἢ
1268 2883 1452 2965 ὁμοιώσεως

190 2985 312 3048 ἕνεκα.Ἰ
360 2985 496 3050 Planius
522 2989 634 3051 autem
664 2990 697 3050 et
726 2985 912 3052 accuratius
932 2984 972 3049 de
995 2985 1212 3050 translatione
1234 2987 1300 3068 egit
1322 2985 1454 3064 Quinti-

192 3085 298 3150 lianus
332 3086 424 3170 (lust.
447 3105 495 3152 or.
523 3087 603 3166 VIII,
634 3092 663 3150 6.
686 3093 706 3149 4
726 3087 779 3168 sq)
801 3085 853 3150 his
877 3086 999 3152 verbis:
1048 3085 1265 3170 „incipiamus
1287 3087 1387 3169 igitur
1409 3087 1451 3150 ab

194 3205 234 3250 eo
255 3187 314 3270 (sc.
335 3187 462 3271 tropo),
500 3186 649 3270 quicum
672 3185 956 3270 frequentissimus
979 3191 1029 3251 est
1050 3190 1121 3250 tum
1147 3187 1245 3271 longe
1272 3187 1453 3270 pulcherri-

194 3305 277 3366 muS,
296 3287 510 3352 translatione
524 3287 608 3367 dico,
632 3306 717 3370 quae
728 3290 900 3370 μεταφορὰ
919 3305 1035 3368 graece
1047 3291 1200 3366 vocatum
1216 3307 1303 3371 quae
1318 3288 1451 3371 quidem

193 3406 269 3452 cum
302 3387 346 3453 ita
377 3391 427 3452 est
456 3388 498 3453 ab
529 3389 603 3470 ipsa
632 3388 729 3453 nobis
756 3407 916 3452 concessa
944 3392 1077 3456 natura.
1115 3393 1152 3453 ut
1173 3389 1295 3453 indocti
1319 3407 1452 3472 quoque

193 3507 233 3552 ac
255 3508 320 3553 non
345 3489 524 3554 sentientes
547 3508 586 3553 ea
608 3491 797 3571 frequenter
818 3492 971 3568 utantur,
1007 3494 1077 3553 tum
1100 3490 1146 3553 ita
1175 3490 1319 3554 iucunda
1351 3494 1452 3571 atque

193 3589 315 3668 nitida,
349 3594 386 3654 ut
420 3589 454 3653 In
489 3589 639 3655 oratione
670 3589 852 3671 quamlibet
888 3590 977 3654 clara
1007 3591 1143 3674 proprio
1182 3594 1294 3654 tamen
1330 3589 1452 3655 iumine

192 3689 327 3754 eluceat.
386 3690 500 3773 Neque
541 3691 628 3755 enim
673 3691 816 3773 vulgaris
861 3711 934 3755 esse
978 3710 1086 3772 neque
1120 3690 1253 3756 humilis
1291 3710 1351 3756 nec
1400 3691 1450 3755 in-

193 3790 303 3856 suavis
341 3795 418 3874 apte
455 3811 493 3856 ac
533 3795 620 3856 recte
654 3791 754 3856 modo
797 3791 924 3856 adscita
968 3796 1088 3874 potest.
1142 3791 1281 3873 Copiam
1319 3792 1451 3874 quoque

192 3891 354 3957 sermonis
378 3895 476 3973 auget
497 3893 718 3976 permutando
742 3896 800 3956 aut
821 3892 991 3962 mutando.
1014 3911 1100 3975 quae
1121 3912 1189 3956 non
1211 3892 1320 3965 habet,
1345 3893 1452 3974 quod·

192 4011 256 4074 que
280 3997 330 4057 est
352 3992 597 4072 difficillimum,
631 3997 778 4074 praestat
799 4013 841 4058 ne
863 3993 919 4056 ulli
941 3992 986 4057 rei
1008 4011 1130 4059 nomen
1153 3993 1268 4057 deesse
1290 3993 1451 4058 videatur.

193 4091 402 4156 Transfertur
431 4112 508 4174 ergo
543 4113 664 4158 nomen
698 4097 755 4158 aut
783 4093 920 4158 verbum
959 4113 999 4157 ex
1035 4093 1190 4171 eulaeo,
1224 4093 1257 4157 in
1280 4113 1346 4176 quo
1374 4114 1453 4176 prc-

191 4192 300 4276 prium
325 4197 383 4271 est,
407 4192 440 4256 in
475 4211 568 4273 eum,
602 4194 636 4258 in
667 4213 733 4276 quc
757 4199 815 4259 aut
841 4193 1013 4277 proprium
1041 4193 1132 4258 deest
1163 4198 1220 4258 aut
1253 4195 1451 4259 translatum

190 4293 326 4376 proprio
356 4293 473 4358 melius
504 4299 564 4358 est.
608 4293 644 4360 Id
676 4294 815 4360 tacimus
851 4298 909 4360 aut
937 4293 1016 4377 quia
1049 4313 1184 4359 necesse
1215 4299 1265 4358 est
1297 4299 1355 4360 aut
1374 4294 1452 4377 quia

191 4393 429 4475 significantius
457 4398 507 4459 est
536 4398 608 4474 aut,
642 4398 680 4462 ut
701 4395 785 4476 dixi,
813 4395 892 4477 quia
914 4394 1095 4459 decentius.
1139 4395 1204 4460 Ubi
1226 4394 1307 4459 nibil
1329 4394 1450 4460 horum

190 4495 386 4576 praestabit,
423 4493 515 4578 quod
546 4494 760 4559 transferetur
790 4495 990 4580 impropium
1025 4495 1117 4574 eric.
1160 4495 1226 4562 Sed
1256 4493 1453 4592 accedamus

192 4594 324 4660 adrem
347 4595 464 4677 ipsam.
