3182 4996
191 430 297 536 eistat
327 437 361 502 in
388 427 471 504 Aen.
503 439 546 504 Vl
569 445 644 520 842,
677 440 734 506 uhi
764 441 883 522 gemini
911 439 1087 524 Scipiadae
1116 440 1180 508 duo
1204 427 1348 530 fulmina
1374 427 1447 508 tout

187 535 352 604 dicuntur.

268 639 415 722 Regulus
453 641 496 704 Vl
528 647 589 704 130
620 660 659 724 sq
692 642 799 706 lumen
828 643 933 725 gentis
968 647 1000 708 et
1035 643 1204 710 Hannibal
1242 643 1287 708 IX
1317 647 1378 706 532
1405 655 1445 726 sq

186 740 292 804 tumen
320 739 444 823 Libyae
478 741 697 824 praedicatur.
754 743 903 809 Eandem
935 743 1186 810 translationem
1223 743 1369 808 invenies
1412 742 1446 807 in

186 841 269 906 Aen.
301 841 346 905 XI
374 847 450 920 349,
486 841 542 906 ubi
569 842 729 924 Vergilius
751 844 876 908 lumina
898 844 1021 910 dueum
1044 863 1157 928 pugna
1180 844 1289 910 occisa
1310 847 1444 910 maeret.

187 940 341 1008 Similiter
373 942 470 1008 Silius
502 943 577 1008 XIII
610 949 669 1008 707
697 943 884 1026 Scipionem
913 946 1013 1010 lucem
1036 945 1149 1012 ltaliae
1170 947 1277 1024 uocat,
1301 961 1446 1028 quocum

186 1059 284 1107 versu
311 1042 462 1108 conferas
491 1043 574 1108 Aen.
607 1043 636 1108 Il
673 1048 732 1107 281
762 1043 908 1128 [Aeneas
939 1071 978 1104 =
1001 1047 1057 1112 lux
1077 1044 1291 1130 Dardaniae}
1334 1045 1444 1109 1379

187 1143 355 1210 Hannibal
389 1152 463 1210 atra
491 1146 588 1210 nubea
619 1145 693 1211 belli
723 1149 869 1212 vocatur.
913 1147 1000 1212 XVlI
1025 1153 1083 1210 112
1120 1145 1281 1230 Syphacis
1303 1147 1446 1212 coniunx

189 1247 301 1310 14414444
329 1246 415 1329 ipnie
444 1245 644 1328 appellatur,
673 1245 766 1310 cuius
789 1245 936 1310 eiusdem
958 1246 1183 1312 translationis
1205 1246 1391 1330 exemplum
1412 1247 1446 1312 in

187 1346 269 1410 Aen.
299 1345 356 1410 VII
385 1349 590 1410 3204444141.
642 1345 809 1412 Hannibal
835 1347 879 1412 III
914 1352 953 1410 83
981 1347 1075 1414 uxori
1097 1347 1253 1432 imperat,
1283 1350 1320 1412 ut
1341 1345 1445 1414 fllium

188 1449 289 1510 cineri
306 1448 415 1532 petrin
436 1446 613 1512 Laurentia
635 1447 720 1512 bella
742 1446 918 1512 iurandum
940 1451 1032 1512 curet
1064 1465 1125 1532 pro
1153 1447 1282 1514 4444444
1298 1449 1447 1532 potitam

188 1546 332 1612 Romani
353 1547 442 1612 XVII
465 1553 525 1612 363
548 1550 669 1614 44444444
691 1549 817 1613 Troiae¹
834 1547 997 1614 dicuntur.

270 1649 443 1731 Eleganter
463 1649 585 1714 Fabius
607 1648 664 1714 VII
687 1655 726 1714 23
750 1670 788 1732 sq
811 1649 1030 1731 nltimaseseia
1044 1652 1325 1714 4440444044104.
1354 1647 1446 1714 Idem

189 1749 246 1814 VII
272 1756 334 1814 544
365 1751 412 1815 sol
438 1749 614 1832 apellatur,
642 1750 697 1833 qui
722 1752 807 1815 noeti
827 1751 847 1816 i.
870 1770 898 1815 e.
920 1749 1079 1828 Minucio,
1105 1749 1264 1831 magistro
1286 1749 1445 1832 equitum,

189 1852 357 1918 concedat.
401 1851 446 1916 IX
476 1857 539 1915 414
567 1869 607 1915 ea
636 1850 808 1917 translatio
836 1854 959 1930 exstat,
993 1871 1060 1936 qua
1086 1871 1147 1916 nos
1174 1849 1366 1936 saepissime
1398 1850 1446 1914 uti

190 1953 348 2027 solemus;
371 1950 425 2017 illo
448 1969 545 2016 versu
567 1951 670 2016 Varro
691 1951 767 2034 fone
789 1952 897 2018 cuncti
919 1951 996 2016 mali
1019 1955 1164 2018 vocatur.
1198 1950 1256 2016 XV
1279 1955 1339 2014 385
1358 1950 1446 2016 Mar·

190 2054 289 2118 celtus
317 2054 458 2118 columen
485 2051 624 2118 Ausonii
651 2052 743 2134 regni
771 2055 804 2118 el
830 2053 903 2118 XVI
926 2057 966 2116 68
988 2052 1093 2117 Larus
1114 2071 1228 2116 marus
1248 2051 1445 2120 miserorum

190 2154 406 2236 appellantur.
451 2154 488 2218 ln
510 2153 656 2218 eiusdem
680 2151 753 2216 libri
774 2172 872 2219 versu
894 2159 955 2218 615
978 2153 1019 2218 de
1030 2152 1217 2218 Hannibale
1230 2153 1312 2218 haee
1324 2153 1445 2238 scripta

188 2255 340 2337 legimus:
369 2255 464 2320 Hanc
490 2259 621 2338 repetem
649 2259 744 2335 44414,
772 2253 829 2335 qui
855 2254 1201 2337 idem1646flnetua
1232 2267 1305 2318 esse
1328 2253 1447 2320 dieitur

189 2355 279 2420 hisce
300 2354 421 2419 verbis:
459 2352 702 2435 spumantia,
735 2353 860 2420 medius
882 2356 938 2441 qui
958 2357 1063 2440 saepit
1090 2356 1130 2420 ob
1157 2375 1293 2442 aequore
1316 2356 1445 2441 fluctuo,

189 2463 310 2522 4444444
332 2456 479 2540 4414444941
500 2458 534 2519 in
556 2456 658 2521 4441444.

273 2555 422 2621 Graviter
443 2557 583 2622 Labrius
601 2575 702 2620 senex
725 2555 752 2619 V
775 2559 833 2618 571
856 2555 977 2640 stipula
999 2557 1109 2620 inanis
1129 2555 1341 2638 significatur.

274 2657 316 2721 IV
349 2663 411 2720 390
442 2677 481 2739 sq
507 2657 637 2721 Virbius
665 2658 780 2722 ultima
804 2657 918 2740 palma
947 2655 1100 2722 hostibus
1129 2656 1286 2721 restitisse
1318 2656 1446 2730 dicitur.

189 2776 332 2840 quocum
359 2758 432 2822 loeo
466 2757 558 2822 haud
586 2757 749 2822 immerito
780 2757 931 2822 conteras
954 2756 1027 2822 XVI
1049 2762 1121 2838 462,
1152 2776 1218 2840 quo
1249 2775 1345 2822 versu
1372 2777 1447 2824 cur-

190 2861 330 2924 rentium
352 2858 487 2924 ultimus
511 2865 650 2924 4444444
666 2857 780 2942 pulmo
801 2861 949 2937 vocatur,
972 2862 1004 2922 et
1026 2857 1069 2923 ih.
1092 2862 1153 2922 503
1176 2861 1301 2937 41573,
1325 2858 1446 2942 quibus

188 2961 269 3026 locis
292 2961 334 3024 de
356 2961 451 3024 tertio
466 2959 582 3044 palma
604 2978 712 3024 sermo
735 2962 794 3023 est.

273 3060 444 3126 Publicola
474 3059 503 3124 II
533 3065 551 3122 8
582 3059 704 3142 44494444
743 3059 847 3124 Volesi
876 3060 1043 3143 Spartano
1076 3079 1219 3145 propnpn
1251 3058 1446 3145 appellatur,

185 3183 330 3246 quocum
354 3181 451 3226 versu
472 3161 623 3226 40014444
646 3158 719 3224 Xlll
743 3164 803 3222 749
826 3178 866 3242 sq
888 3179 992 3225 evera
1003 3179 1151 3244 propupo
1167 3158 1228 3245 [sc.
1250 3157 1448 3243 Hannibal].

191 3265 314 3329 Eadem
338 3261 503 3328 sententia
524 3262 638 3346 stirpis
660 3259 823 3330 vocabulo
846 3258 946 3324 Silius
968 3260 1011 3324 VI
1033 3264 1073 3322 86
1095 3278 1177 3324 0404
1200 3263 1260 3337 est,
1281 3258 1337 3324 ubi
1360 3259 1444 3326 haec

190 3367 312 3448 scripta
338 3364 567 3428 inveniuntur:
601 3364 650 3426 Ae
680 3363 811 3445 stirpem
841 3365 949 3425 tantae
970 3362 1109 3444 periura
1131 3360 1248 3425 recedit
1269 3367 1447 3446 4449441444

191 3467 351 3551 04441494
382 3466 515 3542 domne,
550 3481 636 3544 quae
667 3460 783 3526 eadem
815 3479 881 3526 vox
906 3460 949 3524 Vl
976 3459 1150 3526 sarhaed
1172 3459 1267 3526 aliter
1287 3463 1448 3544 usurpata

190 3568 315 3649 legitur.
1411 3575 1412 3580 ’

274 3665 414 3732 Brachia
443 3663 587 3728 Atlantis
621 3663 635 3727 l
664 3666 725 3726 208
756 3668 862 3728 cantes
904 3661 1121 3746 appellantur.
1172 3661 1185 3725 I
1222 3667 1282 3724 497
1317 3661 1447 3726 Murrus

190 3777 255 3835 toto
282 3791 314 3834 44
335 3767 415 3830 mole
437 3766 456 3830 i.
476 3785 504 3829 e.
527 3781 667 3846 corpore
688 3760 740 3826 vel
771 3761 919 3846 eorporis
957 3761 987 3824 vi
1017 3761 1151 3826 etulisse
1188 3760 1325 3840 diebus,
1353 3760 1446 3828 cuius

188 3867 341 3936 vocabuli
363 3867 507 3932 similem
529 3884 626 3930 nsum
648 3861 761 3926 videas
784 3862 857 3926 XIV
880 3867 929 3926 78.
953 3862 1011 3926 XV
1033 3867 1105 3924 337.
1128 3859 1216 3925 XVII
1231 3865 1292 3926 556
1322 3860 1447 3944 [corni-

190 3970 285 4055 pedis
316 3969 422 4033 moles
454 3966 534 4050 ruit]
557 3965 603 4032 IX
626 3969 701 4042 239,
731 3961 789 4026 ubi
812 3961 978 4046 elephanti
1000 3963 1138 4026 turritae
1158 3961 1263 4026 440144
1276 3963 1447 4026 vocantur·

191 4073 287 4138 Melie
320 4067 482 4134 vocabulo
515 4085 575 4147 pro
604 4062 716 4130 turbae
747 4064 799 4134 rel
828 4061 969 4144 agminis
999 4061 1138 4128 vocibus
1164 4061 1262 4128 Silius
1294 4080 1375 4126 usus
1397 4065 1448 4126 est

192 4173 204 4236 1
227 4179 286 4238 521
313 4169 479 4254 [homines
499 4167 675 4251 qlomerotu
697 4163 776 4227 444414
798 4162 961 4246 teruntur]
985 4161 1029 4228 IX
1051 4168 1122 4227 300.
1145 4167 1301 4230 560570
1324 4181 1373 4244 sq.
1402 4160 1448 4224 XI

192 4281 241 4338 27.
269 4273 328 4338 1111
351 4277 401 4335 39.
424 4268 512 4333 XVII
535 4273 585 4332 60.
608 4271 685 4343 649,
713 4283 819 4346 aeque
841 4266 942 4343 atque
966 4261 1124 4344 Vergilius
1145 4263 1178 4329 in
1200 4263 1285 4328 Aen.
1312 4261 1370 4326 XII
1385 4267 1447 4324 575

192 4373 285 4438 dicit:
310 4373 482 4454 lienaaqne
503 4366 548 4431 ud
569 4387 678 4432 4440404
699 4363 957 4446 anteferuntur.
988 4362 1081 4426 1664
1110 4363 1331 4429 validissImae
1351 4363 1448 4426 Sam·

192 4473 309 4538 nitium
331 4470 448 4552 copiae
470 4467 568 4532 robur
590 4467 773 4530 Samnitum
795 4466 964 4540 vocantur,
988 4463 1077 4546 quod
1100 4462 1297 4528 vocabulum
1329 4462 1447 4530 eadem

191 4575 220 4636 ri
253 4576 448 4654 usurpatum
481 4567 628 4634 invenies
660 4564 729 4629 Vlll
756 4571 816 4626 446
850 4562 966 4646 [robur
994 4563 1241 4646 ruricolaruml,
1281 4561 1445 4634 11111580
