3182 4996
828 227 867 295 to

219 421 271 470 res
293 411 356 469 toto
374 386 482 488 porro
506 403 659 487 deporto
682 404 880 486 copooscitor
902 409 958 464 out
981 403 1020 465 cle
1041 408 1102 465 toto
1120 421 1214 486 pore,
1236 403 1336 482 atque
1359 399 1485 464 Chari-

219 506 288 570 sius
312 505 412 588 [Keil
448 503 502 568 Gr.
537 504 607 569 Lat.
643 503 711 585 Ip.
735 503 810 586 274]
842 502 925 567 haec
954 501 1073 566 similia
1102 501 1193 566 dicit:
1218 501 1400 586 Spiredoche
1437 509 1488 565 est

219 607 315 670 dictio
332 607 411 690 plus
433 605 928 688 minusoepronioitionsinopis,
951 623 1046 686 quoru
1060 601 1259 686 sipnirioonm
1283 602 1374 665 ruodo
1393 604 1484 664 euim
1567 612 1568 629 ¹

220 713 281 770 toto
304 707 387 770 dicto
405 728 488 792 pars
512 707 714 790 intellepitrcr,
736 705 828 768 niodo
854 711 950 787 porte
980 707 1144 769 rconriootu
1175 703 1272 768 toturii
1306 705 1485 786 accipitur.
1567 690 1568 699 ¹

219 807 367 888 Denique
400 826 440 869 en
475 805 588 885 habes,
629 825 714 888 quae
749 804 970 882 Quintilianus
1011 806 1048 888 [I.
1089 806 1126 869 0.
1162 805 1232 868 VIII
1277 811 1305 866 o.
1340 805 1393 886 19]
1440 805 1488 866 de

220 907 447 990 synecdochae
469 908 499 970 vi
523 912 555 970 et
577 927 639 970 usu
666 906 863 987 disputavit:
891 907 980 970 Hoec
1012 907 1070 988 [sc.
1100 905 1324 990 spurciorem,
1358 905 1486 986 inquit,

219 1009 349 1072 ouriurc
400 1029 574 1072 sermonem
622 1013 739 1090 potest,
799 1013 834 1069 ot
892 1030 929 1071 erc
971 1027 1035 1070 urio
1085 1007 1194 1090 pluris
1246 1005 1488 1089 intellcporacrs,

214 1118 310 1194 purte
334 1117 441 1190 totoni,
464 1112 565 1192 specie
585 1131 695 1192 perros,
717 1107 979 1192 praecedentibus
1002 1109 1175 1192 sequentia,
1197 1109 1244 1170 ool
1271 1108 1378 1170 omnio
1401 1107 1488 1169 haer

220 1217 339 1288 contro,
373 1209 503 1273 liberior
526 1211 640 1294 poetis,
663 1231 759 1294 quom
795 1207 984 1272 oratoribus
1035 1207 1127 1284 Quae
1162 1208 1276 1271 eadem
1313 1208 1380 1270 tere
1422 1211 1489 1270 aut

220 1310 338 1374 similia
372 1309 413 1372 de
446 1309 675 1391 synecdochae
709 1313 807 1390 tropo
838 1307 928 1390 apud
951 1307 1142 1372 Ciceronem
1177 1308 1232 1390 [de
1268 1328 1315 1370 or.
1347 1307 1387 1369 IlI
1409 1308 1487 1390 42],

219 1409 386 1474 Donatum
411 1409 486 1491 [art.
509 1429 554 1490 gr.
579 1409 621 1471 III
645 1409 678 1492 6]
702 1409 877 1474 Claudium
900 1407 1112 1472 Sacerdotem
1137 1408 1211 1490 [art.
1234 1429 1279 1489 gr.
1308 1408 1320 1470 I
1343 1428 1374 1488 p.
1409 1409 1487 1491 44]‚

219 1509 411 1572 Diomedem
437 1510 482 1592 [p.
506 1510 594 1592 453],
619 1510 744 1573 Bedam
768 1509 824 1593 [de
847 1511 968 1574 schem.
992 1515 1023 1572 et
1045 1509 1149 1591 tropis
1169 1509 1281 1572 Halm
1309 1508 1373 1571 Rh.
1406 1509 1486 1573 Lat.

220 1610 297 1674 min.
321 1631 352 1692 p.
377 1611 464 1694 313]‚
488 1611 648 1674 Isidorum
673 1611 765 1692 (orig.
791 1612 802 1672 Ι
826 1631 856 1692 p.
881 1610 933 1695 57]
957 1613 1096 1688 exstant,
1119 1609 1172 1672 hic
1205 1609 1389 1673 accuratius
1423 1630 1487 1673 ex-

220 1709 360 1774 scribere
390 1711 516 1787 omitto,
540 1713 730 1791 praesertim
759 1731 833 1775 oum
865 1731 904 1775 ex
933 1711 981 1789 iia,
1014 1730 1097 1792 quos
1126 1709 1239 1787 attulli
1263 1710 1353 1786 locis,
1377 1730 1487 1791 quern

221 1816 346 1874 veteres
368 1811 595 1892 synecdochae
618 1816 750 1892 tropum
773 1812 996 1888 intellexerint,
1020 1811 1101 1874 satis
1124 1811 1207 1874 bene
1230 1815 1397 1893 appareat.

305 1913 384 1976 Item
420 1913 462 1975 de
497 1911 670 1991 generibus
702 1913 937 1994 synecdochae,
972 1913 1094 1994 quippe
1122 1912 1163 1974 de
1186 1911 1306 1993 quibus
1329 1931 1370 1975 ne
1393 1912 1489 1976 inter

221 2013 320 2078 huius
363 2013 495 2095 quidem
532 2014 649 2078 aetatis
684 2014 772 2077 viros
801 2015 917 2078 doctos
945 2013 1025 2076 satis
1053 2015 1181 2076 constet
1208 2017 1265 2076 aut
1292 2011 1485 2090 conveniat.

221 2115 301 2196 quid
341 2119 466 2178 veteres
505 2114 710 2194 grammatici
739 2114 987 2196 disputaverint,
1006 2113 1191 2177 accuratius
1215 2132 1377 2194 exponere
1401 2133 1484 2176 cum

220 2231 354 2296 longum
378 2220 448 2278 tum
471 2215 627 2280 hocloco
651 2215 770 2278 nullius
784 2215 878 2298 pretii
902 2219 960 2292 est,
984 2233 1086 2296 quare
1104 2214 1146 2277 ad
1161 2213 1485 2296 singulatranseam‚

222 2316 343 2398 quibus
373 2317 404 2379 in
433 2314 664 2378 enumerandis
693 2335 777 2394 eum,
811 2315 868 2398 qui
894 2316 1034 2380 usitatus
1067 2320 1125 2393 est,
1154 2315 1302 2378 ordinem
1326 2315 1485 2380 servabo

505 2533 534 2612 Ι.
578 2531 627 2612 lle
654 2533 814 2612 numeris
841 2532 938 2613 inter
965 2533 1192 2614 aemulatis.

438 2719 467 2766 a.
503 2700 663 2768 Numerus
686 2700 829 2788 pluralis
851 2719 913 2788 pro
936 2700 1103 2785 singulari
1124 2701 1261 2788 positus.

220 2835 249 2891 1.
284 2834 583 2912 concretorum,
603 2847 709 2901 quae
727 2835 1110 2972 vooan1.,lnomtnum
1133 2834 1485 2890 substantivorum

753 2931 895 2988 exemp
914 2935 946 2976 a.

263 3060 294 3096 o.
336 3035 613 3113 Substantiveu
647 3036 790 3116 quihus
814 3036 1042 3100 animalium
1064 3056 1274 3118 corporum
1297 3041 1437 3118 partes

326 3130 328 3133 ’
659 3188 661 3196 .
703 3137 996 3216 significantur.

309 3269 476 3350 Leguntur
498 3270 531 3332 in
554 3270 687 3334 Punicis
710 3271 826 3351 plurali
848 3291 986 3335 numero
1009 3291 1069 3352 pro
1095 3271 1251 3352 singulari
1283 3270 1392 3352 posito
1420 3293 1482 3335 oro

222 3369 234 3430 I
258 3373 326 3433 100.
350 3373 419 3434 313.
443 3373 512 3432 388.
536 3373 608 3432 474.
631 3376 703 3433 490.
726 3371 753 3442 ΙΙ
771 3377 839 3434 114.
865 3378 933 3436 194.
957 3377 1026 3437 202.
1050 3377 1119 3436 345.
1140 3377 1294 3436 449491.
1318 3375 1387 3434 587.
1406 3377 1480 3434 635.

221 3468 263 3530 ΙΙΙ
287 3474 335 3533 34.
361 3474 407 3532 75.
433 3475 503 3533 245.
539 3476 609 3533 314.
645 3475 714 3533 542.
739 3471 780 3532 IV
805 3476 874 3532 139.
903 3478 973 3535 215.
1004 3478 1076 3538 237.
1104 3478 1176 3535 447.
1204 3476 1274 3533 592.
1308 3477 1377 3536 631.
1407 3477 1479 3536 752.

222 3570 320 3632 Ver.
356 3575 424 3633 152.
456 3575 525 3634 325.
557 3576 627 3632 645.
659 3571 697 3632 Vl
732 3575 781 3634 52.
805 3577 851 3635 77.
875 3577 946 3635 237.
970 3578 1040 3634 294.
1066 3578 1135 3636 691.
1160 3573 1287 3636 Vltus.
1311 3577 1382 3636 426.
1406 3578 1477 3651 632,

223 3677 291 3734 704.
315 3671 385 3732 VIII
409 3676 457 3734 83.
485 3677 552 3735 123.
578 3676 646 3733 153.
671 3675 740 3733 225.
765 3677 835 3734 464.
860 3672 903 3734 IX
927 3678 975 3737 30.
1006 3679 1075 3736 131.
1100 3678 1169 3736 396.
1200 3679 1272 3736 461.
1305 3678 1376 3736 498.
1406 3678 1476 3736 653.

221 3773 248 3836 X
284 3776 352 3834 110.
384 3777 453 3834 220.
487 3778 556 3835 236,
586 3777 655 3832 266.
687 3776 756 3836 431,
788 3777 858 3833 456.
883 3778 954 3836 463.
978 3778 1048 3836 585.
1073 3779 1143 3839 637.
1166 3773 1210 3836 XI
1234 3779 1282 3837 63.
1311 3778 1478 3837 218223.

221 3879 289 3962 223.
327 3878 397 3938 258,
429 3878 498 3936 344.
529 3877 599 3934 476.
633 3876 702 3934 534.
731 3877 801 3934 542.
838 3873 896 3934 XII
925 3879 995 3935 227.
1026 3878 1097 3936 256.
1119 3873 1192 3936 XIII
1216 3879 1285 3938 394.
1311 3879 1380 3938 755.
1405 3880 1477 3948 801,

141 4039 142 4042 .
221 3980 290 4038 834.
314 3978 384 4034 838.
408 3973 479 4034 XIV
505 3977 574 4034 158.
599 3976 669 4033 284.
693 3977 763 4034 443.
787 3973 843 4035 XV
861 3979 1027 4040 181455.
1042 3980 1112 4037 814.
1136 3974 1208 4037 XVI
1231 3981 1300 4038 189.
1316 3981 1386 4042 421.
1406 3982 1477 4039 603.

220 4073 307 4137 XVII
333 4080 400 4136 113.
425 4079 494 4135 214.
518 4077 596 4135 258.
627 4077 696 4135 296.
721 4079 790 4138 334.
819 4079 890 4136 408.
914 4080 984 4137 458.
1009 4081 1078 4140 534.
1103 4080 1172 4138 567.
1197 4081 1256 4137 646
1281 4077 1334 4158 [cf.
1358 4077 1440 4141 Aen.
1465 4079 1477 4142 I

221 4179 291 4236 354.
322 4172 350 4236 ΙΙ
383 4179 452 4238 247,
483 4172 526 4235 III
554 4177 624 4234 425.
658 4172 698 4235 IV
725 4179 796 4236 499.
824 4173 881 4236 XII
918 4179 967 4237 82.
993 4180 1062 4239 335.
1098 4179 1167 4237 652.
1192 4181 1261 4239 865.
1286 4177 1373 4259 871],
1397 4179 1476 4242 collo

221 4272 341 4362 itaet.
367 4278 436 4335 622.
476 4273 517 4336 IV
542 4277 610 4335 154.
636 4278 705 4336 213.
731 4277 801 4338 359,
832 4273 931 4337 764.
956 4280 1026 4338 285.
1061 4275 1101 4338 VI
1124 4279 1194 4340 414.
1217 4282 1288 4338 427.
1317 4282 1387 4344 503.
1422 4280 1477 4342 VII

222 4377 270 4434 32.
297 4378 344 4434 72.
370 4378 439 4435 196.
463 4373 538 4436 VIII
561 4379 631 4437 276,
655 4372 699 4434 IX
723 4378 791 4435 144.
817 4379 886 4438 634.
911 4375 940 4437 X
963 4380 1033 4438 215.
1057 4382 1128 4439 464.
1151 4375 1195 4439 ΧΙ
1220 4383 1288 4441 117.
1309 4384 1378 4442 243.
1403 4380 1476 4443 XIII

222 4477 290 4533 648.
325 4476 392 4536 780,
421 4471 479 4534 XV
509 4479 578 4538 247.
612 4479 682 4535 256.
711 4479 780 4536 361.
816 4479 884 4538 726.
916 4475 988 4537 XVI
1020 4482 1090 4540 363.
1117 4483 1187 4540 519.
1211 4477 1297 4540 XVII
1320 4485 1391 4544 449.
1416 4486 1477 4541 630

222 4571 276 4656 [cs.
299 4572 380 4635 Aen.
403 4571 431 4634 n
455 4578 525 4636 3s1.
549 4579 617 4636 721.
642 4573 668 4634 v
689 4579 759 4636 277.
783 4573 827 4638 tx
851 4581 921 4638 331.
944 4576 986 4638 xl
1010 4582 1080 4642 497.
1105 4578 1190 4660 serp
1209 4587 1340 4660 peroro
1361 4579 1474 4644 11143.
