3112 5000
766 343 770 348 .
787 259 918 351 tum

194 424 277 502 fecit,
310 422 504 488 Hannibalis
532 421 671 504 clipeum
702 421 883 506 templique
911 423 1106 488 Hammonis
1128 427 1237 506 postes
1259 421 1430 488 accuratius

195 523 375 606 descripsit,
399 521 564 602 Necuiam,
589 543 688 606 quam
715 528 840 604 vocant,
863 525 960 588 rebus
984 523 1129 602 intexuit,
1153 524 1339 605 Scipionem
1362 523 1432 586 inter

194 628 350 691 Virtutem
390 631 421 689 et
459 625 668 707 Voluptatem
702 626 890 706 seligentem
923 630 955 688 et
977 625 1194 704 Hannibalem
1220 644 1333 707 pugna
1355 625 1432 708 apud

102 757 104 763 ⁸
192 727 330 792 Zamam
353 726 529 792 commissa
551 746 624 790 cum
649 726 810 809 Scipionis
832 727 974 807 imagine
997 732 1194 809 pugnantem
1217 728 1320 790 finxit.

276 827 389 910 Neque
420 848 496 892 vero
524 827 574 891 his
608 831 782 892 contentus
817 827 916 892 Silius
943 827 1040 892 etiam
1064 827 1127 892 alio
1151 829 1237 892 culto
1261 828 1432 892 orationem

192 948 350 993 exornare
383 933 481 1010 atque
516 927 715 1008 distinguere
741 947 941 1010 magnopere
975 928 1108 995 studuit.
1171 928 1254 992 Nam
1285 927 1435 1010 imprimis

194 1029 343 1112 poeticae
366 1029 443 1093 artis
466 1029 668 1094 ornamentis
692 1049 823 1100 carmen
845 1027 941 1093 ¹suum
964 1028 1111 1097 excolere
1133 1049 1269 1093 conatus
1285 1034 1345 1094 est.
1371 1029 1435 1102 Sed,

190 1131 228 1198 id
260 1130 350 1212 quod
380 1130 442 1194 hac
465 1131 743 1195 commentatione
764 1129 844 1194 mihi
868 1130 1012 1194 effecisse
1036 1129 1157 1208 videor,
1181 1149 1307 1209 eorum,
1345 1135 1379 1193 ut
1396 1131 1436 1203 ⁸itu

193 1232 309 1308 dicam,
333 1236 466 1312 sumptu
490 1231 574 1295 adeo
598 1235 688 1296 extra
709 1230 847 1294 modum
869 1231 999 1314 prodiit,
1023 1235 1057 1292 ut
1079 1241 1196 1310 purum
1219 1249 1253 1292 se
1275 1231 1437 1294 continens

192 1332 368 1414 animoque
399 1352 458 1396 suo
494 1333 658 1416 imperans
692 1332 794 1396 nimio
825 1331 1007 1414 putidoque
1034 1332 1154 1412 pariter
1172 1335 1272 1412 atque
1296 1329 1437 1412 quaesito

192 1438 362 1516 troporum
385 1454 446 1498 usu
470 1433 641 1515 aliquoties
670 1433 851 1501 orationem
874 1451 1008 1514 prorsus
1032 1433 1203 1496 obscuram
1229 1437 1259 1496 et
1281 1432 1437 1496 difficilem

192 1535 234 1598 ud
258 1534 508 1617 intellegendum
534 1534 710 1620 reddiderit
734 1534 975 1614 legentiumque
998 1534 1135 1616 animosfl
1149 1535 1370 1599 ostentatione
1387 1535 1439 1596 rir-

191 1635 268 1698 tutis
292 1635 447 1698 offendat.
1135 1648 1140 1713 ζ

276 1737 372 1814 Quod
400 1737 486 1800 idem
519 1737 559 1800 de
582 1735 650 1800 Silii
682 1735 864 1818 rhetoricae
894 1737 972 1800 artis
995 1735 1196 1805 ornamentis
1224 1736 1318 1803 valet.
1366 1737 1439 1799 Nam

191 1838 313 1918 figuras
338 1856 480 1920 quoque,
511 1837 598 1900 velut
625 1835 851 1916 repetitionem
879 1840 909 1898 et
933 1816 1154 1923 iterationem,
1182 1842 1217 1900 ut
1245 1855 1361 1902 onmes
1385 1837 1440 1899 fere

192 1939 261 2001 eius
284 1939 399 2002 aetatis
422 1942 580 2014 auctores,
613 1937 656 2000 ad
679 1937 864 2002 ornandam
889 1942 920 2000 et
943 1937 1167 2019 exaugendam
1192 1937 1378 2010 orationem
1399 1936 1441 1999 ni-

193 2039 258 2103 mio
283 2041 354 2119 plus
378 2038 537 2113 adtribuit,
561 2037 648 2120 quod
672 2038 774 2102 altera
796 2038 892 2102 huius
916 2037 1201 2104 commentationis
1223 2037 1314 2118 parte
1339 2043 1441 2103 osten·

194 2145 284 2204 turus
316 2159 414 2204 eram.
468 2139 575 2216 Quam
603 2139 645 2204 ab
673 2139 878 2220 amplissimo
909 2140 1016 2203 almae
1048 2140 1226 2204 litterarum
1259 2139 1442 2204 academiae

192 2240 300 2318 regiae
315 2239 579 2304 Monasteriensis
602 2239 715 2304 ordine
733 2240 1006 2320 philosophorum
1031 2239 1280 2320 comprobatam
1302 2240 1369 2304 huc
1392 2239 1442 2303 ad·

193 2341 278 2418 dere,
300 2361 341 2404 ne
364 2360 424 2421 pro
448 2340 555 2404 libello
579 2341 659 2404 liber
681 2341 713 2402 in
736 2341 841 2404 lucem
866 2341 1019 2420 prodiret,
1044 2341 1147 2422 omisi,
1172 2341 1229 2404 sed
1252 2340 1332 2404 data
1356 2360 1443 2404 occa-

192 2442 284 2504 sione
306 2441 383 2506 iuris
406 2441 526 2522 publici
549 2442 676 2506 faciam.

275 2543 343 2605 Etsi
356 2542 453 2622 igitur
471 2542 578 2618 Silius,
601 2541 690 2623 quod
713 2541 809 2624 nimis
832 2541 936 2604 multa
959 2541 1121 2624 nimisque
1144 2544 1292 2624 quaesita
1316 2551 1350 2608 et
1373 2564 1444 2626 poe·

191 2644 274 2706 ticae
297 2647 328 2706 et
350 2643 531 2707 rhetoricae
551 2643 629 2706 artis
644 2647 838 2706 omamenla
851 2642 983 2706 carmini
1008 2663 1069 2706 suo
1093 2643 1238 2724 inseruit,
1260 2645 1443 2726 vituperan-

193 2745 254 2807 dus
278 2749 336 2821 est,
358 2745 492 2808 minime
515 2750 625 2807 tamen
649 2763 762 2806 eorum
785 2743 939 2807 iudicium
966 2748 1039 2822 stat,
1064 2745 1117 2826 qui
1142 2748 1238 2808 *talleis
1258 2747 1441 2830 languidum

190 2845 412 2930 frigidumque
434 2845 503 2908 eius
527 2844 655 2908 dicendi
672 2863 775 2923 genus
791 2850 999 2909 vocaverunt.
1036 2846 1138 2910 immo
1162 2847 1246 2912 illius
1261 2867 1442 2914 sermonem

193 2946 425 3028 elegantiorem
436 2950 466 3007 et
476 2945 696 3026 adlegendunr
708 2944 934 3010 iucundiorem
941 2965 1013 3010 esse
1023 2967 1121 3028 quam
1132 2948 1309 3012 multorum
1322 2969 1443 3032 aequa·

191 3055 269 3119 lium
294 3056 491 3136 scriptorum
513 3053 721 3134 maximeque
745 3053 786 3116 ad
802 3053 930 3132 Vergilii
945 3075 1076 3118 suavem
1095 3057 1276 3120 orationem
1292 3059 1443 3122 accedere

193 3175 260 3220 non
283 3156 397 3219 dubito
429 3154 640 3228 contendere;
677 3153 803 3215 utinam
831 3154 929 3216 etiam
959 3156 1092 3218 modurn
1123 3157 1271 3222 ornando
1303 3162 1443 3222 statuere

191 3255 363 3335 potuisset!
