3112 5000
611 255 805 348 ...EQ

77 420 199 504 templa
230 439 291 502 pro
322 419 405 497 deis,
441 418 562 502 quibus
591 439 686 484 sacra
713 422 791 483 sunt
812 417 867 482 Vll
891 425 931 481 90
958 417 1035 482 dnm
1062 418 1165 519 Roma
1178 368 1180 371 v
1195 419 1344 504 antiquos

76 523 208 606 templis
231 521 345 586 indicit
366 522 511 604 honores,
533 528 612 586 tecta
635 521 720 586 Iocis
736 539 801 616 pro
824 520 897 604 ipso
916 519 992 584 Iove
1006 519 1075 583 VIII
1090 525 1149 582 341
1166 538 1214 600 sq.
1230 539 1342 601 capno-

74 632 171 709 taqne
195 624 355 706 sanquine
376 624 464 687 nobis
490 630 569 687 tecta
591 623 688 704 Iocis,
719 641 794 687 cum
818 627 897 686 tecta
920 623 1070 686 Oenotria
1103 639 1163 702 pro
1186 619 1280 684 ltalia
1312 621 1343 681 et

73 724 189 787 Roma
212 723 265 786 vel
288 722 398 804 potius
421 721 581 787 Romanis
602 722 750 786 11111712
773 741 822 804 sq.
846 725 982 800 exstent,
1006 721 1063 786 ubi
1080 721 1215 802 legitur:
1239 722 1341 802 Quom

69 846 179 908 paene
198 823 331 889 rnunio
344 831 442 888 tecum
458 824 586 886 trusisti
600 822 644 886 od
659 822 787 908 Stypias
801 823 954 888 Oenotria
968 829 1048 886 tecta
1063 821 1217 912 tenebras.
1238 877 1240 882 .
1258 819 1343 884 Tha·

74 925 156 987 larni
179 946 201 988 a
226 923 304 988 Silio
336 943 397 1005 pro
428 923 640 1006 matrimonio
674 922 773 1005 positi
803 927 880 988 sunt
907 923 936 988 II
959 929 998 986 65
1022 930 1114 1009 atque
1137 924 1165 986 is
1182 920 1344 1006 fundarat

74 1026 238 1090 thalamos
264 1024 429 1090 Tritonide
451 1025 600 1109 nympha,
623 1024 665 1090 ib.
691 1029 760 1100 179,
785 1024 838 1107 [cf.
861 1024 943 1088 Aen.
966 1024 1093 1088 lVbe.
1117 1023 1257 1087 1111253.
1273 1028 1343 1088 388.

73 1126 118 1190 lX
133 1131 208 1192 594.
233 1125 375 1209 X649.].
412 1124 588 1189 Thalamus
609 1125 724 1206 legitur
746 1145 806 1208 pro
829 1133 939 1210 stupro
962 1126 1020 1190 XV
1033 1128 1095 1189 448
1118 1146 1166 1208 sq.
1191 1127 1342 1190 incestum

77 1228 226 1292 Catilina
254 1227 391 1292 Nealcen
419 1247 593 1312 pennanae
624 1227 791 1291 obtruncat
818 1227 968 1308 thalamo,
991 1247 1052 1308 pro
1075 1229 1204 1312 oonircpe
1225 1225 1254 1290 Il
1273 1232 1342 1290 627.

75 1327 115 1390 VI
139 1333 215 1392 518.
240 1327 311 1392 VIII
335 1333 404 1392 109.
427 1327 501 1392 XIII
524 1333 594 1391 811.
618 1327 707 1392 XVII
729 1333 768 1390 82
798 1335 825 1392 et
855 1329 990 1392 thalami
1013 1328 1190 1410 stuprantes
1218 1349 1343 1394 amores

79 1429 134 1510 [cl.
159 1429 232 1494 Val.
256 1428 283 1492 II
306 1434 368 1491 370
389 1427 464 1512 sq.],
500 1426 707 1509 singulariter
735 1449 795 1512 pro
822 1431 938 1494 manto
971 1429 1042 1492 VIII
1067 1435 1126 1491 117
1156 1437 1249 1515 atque
1278 1432 1343 1494 otri

75 1531 180 1594 sociae
204 1529 342 1592 thalami
351 1549 535 1592 nocasacra
551 1529 714 1614 parabam
724 1529 742 1594 i.
757 1549 783 1593 e.
798 1529 902 1594 sociae
916 1529 1063 1594 Platonis
1074 1529 1342 1614 :Proserpinae

161 1629 320 1694 Similiter
344 1628 508 1693 invenitur
533 1628 566 1692 in
595 1629 729 1693 Punicis
762 1635 851 1693 torns
879 1650 940 1713 pro
968 1631 1099 1715 coninpe
1129 1630 1256 1708 11180,
1286 1629 1344 1694 ubi

75 1730 209 1810 legitur:
252 1729 416 1816 lthaeique
448 1737 553 1793 torum
588 1728 735 1812 [sperare
761 1730 889 1814 ausus}
946 1730 992 1793 lb.
1023 1715 1083 1793 621
1111 1749 1160 1810 sq.
1196 1731 1257 1794 tori
1282 1750 1341 1812 pro

76 1830 293 1896 matrimonio
316 1829 367 1894 vel
389 1830 462 1912 ipsa
475 1849 609 1912 quoque
632 1829 771 1910 coniuge
794 1835 924 1896 exstant
946 1831 996 1894 his
1014 1830 1139 1896 verbis:
1165 1830 1343 1916 Dnlcesque

76 1934 195 1996 marito
219 1930 375 2014 efflorere
397 1932 460 1994 tori
480 1931 499 1996 1,
523 1951 549 1996 1.
572 1931 733 1995 memoria
756 1924 945 2015 nuptiarum
976 1932 1027 1996 vel
1050 1930 1207 2012 coniugis
1265 1930 1342 1995 Tori

77 2032 288 2114 singulariter
309 2031 449 2112 virgines
473 2032 600 2096 nubiles
625 2031 674 2096 vel
698 2032 837 2098 feminas
860 2037 975 2115 captas
998 2032 1183 2114 significant
1197 2033 1255 2098 XV
1269 2039 1344 2112 281,

77 2137 213 2219 captiuis
238 2155 301 2197 non
317 2133 418 2218 pleno
441 2135 519 2198 toris
543 2133 725 2217 [tentoria].
779 2133 880 2218 liepia
904 2133 993 2217 [arx]
1017 2155 1037 2198 a
1059 2133 1137 2198 Silio
1161 2133 1270 2216 posita
1292 2139 1342 2199 est

76 2255 135 2317 pro
159 2254 240 2316 rege
262 2234 398 2316 eiusque
419 2233 576 2298 ministris
589 2234 663 2298 XIV
677 2238 716 2296 87
741 2241 768 2297 et
779 2235 915 2318 placida
928 2234 1100 2299 indomitos
1117 2237 1239 2319 accepit
1251 2239 1340 2318 repta

78 2359 189 2402 nores.
230 2335 414 2400 cerensest
436 2355 497 2418 pro
520 2334 719 2413 hominibus,
743 2335 800 2416 qui
814 2334 899 2400 ludis
922 2335 1083 2400 intersunt
1104 2335 1137 2399 in
1160 2335 1256 2413 circo,
1267 2335 1341 2400 XVI

80 2443 148 2503 312.
169 2443 248 2501 322.
272 2442 348 2501 534..
367 2441 427 2500 557
451 2457 498 2518 sq.
521 2437 703 2520 spectacula
729 2438 807 2500 circi
831 2445 1005 2522 postrema,
1036 2457 1111 2502 cum
1140 2437 1183 2500 ib.
1207 2443 1268 2501 338
1291 2457 1339 2520 sq.

82 2537 153 2602 circi
181 2557 264 2625 voce
293 2537 364 2620 ipsi¹
386 2537 455 2602 ludi
485 2541 517 2600 et
547 2537 728 2602 certamina
755 2538 939 2620 significata
968 2537 1034 2602 sint
1053 2525 1110 2601 ¹bis
1137 2536 1263 2602 verbis:
1298 2537 1342 2602 nt

78 2639 257 2718 pendentia
279 2639 357 2701 circi
379 2638 483 2702 altior.
530 2639 631 2702 (iuria
661 2639 779 2720 legitur
804 2659 865 2721 pro
897 2639 1105 2704 senatoribus
1126 2638 1154 2717 II
1176 2644 1237 2701 456
1261 2659 1341 2724 qnos

82 2735 154 2802 belli
178 2738 279 2804 index
295 2759 420 2824 poenas
440 2738 531 2820 mihi,
553 2739 665 2821 Curio,
693 2740 823 2824 pendes,
854 2739 988 2803 111456.
1012 2739 1163 2802 XV457.
1211 2739 1341 2803 Tumuli

80 2843 155 2903 sunt
177 2859 240 2922 pro
258 2839 327 2904 viro
350 2843 483 2904 mortuo
504 2839 550 2904 IX
574 2845 633 2901 133
665 2840 741 2902 haec
766 2840 885 2922 fratris
911 2840 1042 2906 tumulis
1068 2861 1162 2903 arma
1190 2843 1345 2904 accusata·

80 2949 219 3022 reporta.

162 3040 229 3104 Pro
253 3043 361 3104 nantis
384 3041 515 3122 saepius
538 3041 570 3104 in
594 3040 727 3104 Punicis
749 3045 846 3120 rates,
877 3043 910 3106 in
933 3041 1054 3126 quibus
1076 3046 1258 3121 versantur,
1282 3062 1340 3125 po-

80 3138 160 3204 sitae
181 3146 260 3206 sunt
281 3142 370 3206 velut
392 3143 508 3206 classes
527 3141 595 3205 130
609 3161 658 3224 sq.
674 3162 712 3204 ae
734 3148 849 3206 missas
872 3145 965 3206 otiam
984 3150 1076 3207 trans
1098 3147 1238 3228 aequora
1259 3143 1342 3206 olas·

80 3260 127 3303 ses
148 3248 248 3305 totum
270 3243 364 3326 sipno
385 3241 469 3306 uidet
490 3243 634 3306 uictricia
653 3242 750 3324 ferre
762 3265 822 3327 per
843 3245 947 3309 orbem
961 3245 980 3309 i.
996 3265 1022 3308 e.
1044 3243 1221 3308 exercitum
1243 3243 1339 3307 classi

80 3340 261 3421 traiectum,
286 3343 400 3406 carina
423 3341 449 3405 Il
474 3348 512 3404 33
537 3362 585 3424 sq.
609 3343 665 3407 ubi
688 3343 817 3425 legitur:
846 3346 957 3410 Ardor
983 3349 1059 3431 opit,
1077 3345 1231 3429 profecta·
1248 3353 1340 3431 queat

81 3439 157 3504 dnm
180 3465 307 3508 cernere
329 3466 437 3508 muros
460 3447 554 3530 inque
583 3445 682 3509 oculis
702 3446 865 3532 profnpae
887 3446 1022 3511 Martem
1046 3468 1187 3512 eaeroere
1209 3448 1340 3509 carinae

81 3539 98 3602 i.
121 3561 148 3606 e.
172 3543 291 3608 ardore
314 3545 416 3609 Poeni
440 3545 624 3624 incitantur,
655 3551 693 3610 ut
714 3547 860 3612 Martem
885 3550 1066 3625 exerceant,
1095 3547 1175 3610 dum
1197 3545 1339 3609 Romani

81 3653 264 3726 eprooecta
288 3645 347 3728 [se.
371 3645 499 3728 canna]
522 3665 636 3710 muros
660 3667 791 3712 cernere
813 3647 941 3728 possint
962 3647 982 3711 i.
998 3668 1024 3710 e.
1043 3647 1076 3710 in
1100 3646 1202 3711 oculis
1216 3645 1341 3708 Roma.

82 3759 210 3822 norum,
233 3746 290 3826 qui
312 3745 344 3808 in
368 3745 480 3809 carina
502 3748 703 3829 profugiunt,
727 3749 807 3811 ratis
830 3747 871 3811 III
892 3753 951 3810 129
965 3767 1013 3829 sq.
1034 3755 1061 3810 et
1078 3753 1226 3832 promota
1249 3747 1339 3826 rotis,

77 3842 288 3920 pendentibus
316 3846 429 3910 arbore
459 3849 576 3926 reontis,
607 3851 738 3934 aptabat
764 3850 880 3912 sensim
909 3849 1058 3932 pulsanti
1085 3848 1219 3911 carbaso
1247 3854 1339 3915 uento

83 3938 100 4004 i.
122 3961 149 4006 e.
172 3950 303 4024 nautae,
328 3946 437 4027 quiin
461 3949 549 4012 111111
572 3949 771 4032 pendebant,
786 3951 955 4032 ¹aptabant
977 3949 1050 4013 vela
1065 3949 1144 4014 ratis
1167 3951 1339 4030 promotae

83 4047 188 4110 vento.
234 4047 387 4111 Dulichia
410 4051 535 4134 puppis
565 4069 625 4131 pro
652 4049 745 4114 Ulixe
771 4051 907 4132 eiusque
938 4049 1113 4114 comitibus
1139 4049 1258 4129 legitur
1279 4049 1338 4112 XII

86 4147 142 4204 114
169 4167 217 4228 sq.
248 4153 450 4234 comitemque
482 4149 606 4214 dedisse
631 4151 801 4216 Dulichiae
824 4153 949 4236 puppis
978 4159 1088 4236 stapno
1114 4171 1174 4215 sua
1206 4151 1338 4214 nomina

86 4253 234 4311 monstrat
261 4249 280 4313 i.
305 4270 330 4314 e.
355 4249 525 4316 Misenum.
581 4249 696 4318 Cadra
729 4252 921 4334 saepissime
950 4272 1010 4333 pro
1033 4251 1200 4327 militibus,
1226 4251 1337 4332 quiin

86 4345 196 4412 castris
218 4355 399 4430 versantur,
424 4373 443 4416 a
466 4351 544 4416 Silio
568 4349 679 4432 posita
699 4356 784 4432 sunt,
807 4353 896 4416 velut
917 4351 930 4415 I
953 4357 1013 4416 296
1039 4372 1088 4434 sq.
1106 4353 1258 4417 admonet
1277 4354 1337 4436 fta·

84 4451 239 4518 tiranno.
264 4502 269 4515 .
294 4453 411 4515 ductnr
433 4459 548 4529 castro,
573 4451 585 4514 l
609 4459 679 4517 499.
703 4453 730 4515 ll
754 4458 822 4516 263.
851 4458 920 4518 653.
948 4452 990 4516 111
1014 4458 1084 4516 221.
1109 4453 1242 4516 357.1V
1267 4459 1335 4517 712.

87 4539 124 4604 Vl
147 4554 194 4612 22.
218 4557 288 4614 593.
314 4557 382 4616 626.
414 4553 470 4615 Vll
500 4559 546 4616 12.
572 4560 641 4616 214.
674 4561 746 4622 2115.
774 4559 842 4617 335.
878 4559 947 4618 381.
977 4560 1047 4618 399.
1074 4559 1144 4618 522.
1175 4559 1242 4618 738.
1267 4553 1337 4618 Vlll
