3182 4996
768 289 785 346 6

149 454 279 536 Vergilii
318 473 432 518 eorum
461 453 675 517 imitationem
703 450 967 534 perspiciendam
1003 469 1170 532 perpauca
1207 449 1402 540 efficiuntur.

149 555 324 620 Praeterea
351 555 393 618 ab
421 553 492 617 aliis
521 552 596 615 viris
623 551 729 616 doctis
759 551 792 615 in
825 551 897 616 aliis
931 551 1283 630 commentationibus,
1319 571 1402 634 quas

148 675 264 720 omnes
288 673 481 719 enumerare
503 653 636 733 longum
662 655 721 729 est,
745 651 915 734 quomodo
933 651 1070 732 singulis
1090 651 1123 714 in
1142 651 1241 715 rebus
1254 651 1403 716 Valerius

150 757 292 832 Flaccus,
315 754 428 831 Silius,
452 754 618 830 Lucanus,
640 752 764 817 Statius
787 753 954 836 Virgilium
979 751 1081 816 secuti
1104 751 1182 831 sint,
1206 752 1249 817 ita
1273 752 1404 834 exposi-

147 863 218 922 tum
239 859 298 934 est,
321 859 357 919 ut
378 854 518 936 exempli
532 854 637 934 gratia
659 853 692 917 in
706 873 804 920 usum
826 852 977 918 infinitivi
999 855 1032 916 et
1053 853 1296 931 attributorum,
1318 871 1405 934 quae

149 961 324 1035 vocantur,
349 955 538 1022 ornantium
562 954 747 1026 accuratius
768 955 812 1032 ab
834 953 874 1017 iis
898 952 1091 1034 inquisitum
1114 953 1165 1016 sit.
1209 955 1318 1018 Multis
1345 948 1404 1018 au-

148 1063 214 1122 tem
230 1056 271 1120 de
287 1057 386 1120 rebus
402 1057 511 1121 adhuc
526 1055 673 1119 nondum
688 1055 892 1137 disputatum
905 1059 963 1120 est.
987 1054 1096 1132 Quare
1111 1075 1171 1136 ego
1185 1056 1404 1138 Gebbingium

147 1163 299 1234 secutus,
341 1159 396 1240 qui
437 1157 471 1220 in
516 1176 568 1236 ea,
608 1177 693 1239 quae
739 1156 796 1234 ,de
840 1155 876 1219 C.
918 1155 1038 1220 Valerii
1077 1155 1183 1220 Flacci
1226 1158 1329 1239 tropis
1374 1162 1406 1222 et

150 1359 330 1424 Valerianis
354 1358 566 1439 congruentia
591 1358 779 1441 exscripsit,
814 1358 906 1422 locos
937 1356 1093 1422 Aeneidis
1116 1357 1249 1424 Silianis
1273 1358 1406 1432 similes,

150 1463 313 1544 quantum
336 1459 470 1542 quidem
493 1459 626 1523 adrem
650 1458 729 1522 mihi
752 1457 957 1542 propositam
979 1458 1136 1541 pertinet,
1159 1477 1220 1522 suo
1241 1478 1406 1541 quemque

153 1563 227 1626 loco
257 1560 525 1625 commemorabo
539 1561 575 1642 1).
620 1559 684 1623 Sed
714 1559 833 1623 Valerii
860 1579 993 1642 quoque
1025 1558 1206 1622 eorundem
1234 1563 1406 1643 troporum

155 1662 304 1743 exempla
327 1681 344 1724 e
366 1659 539 1740 Gebbingii
562 1659 838 1724 commentatione
860 1659 962 1742 petita
984 1657 1107 1736 addidi,
1130 1659 1254 1742 quippe
1277 1661 1407 1743 quibus

155 1767 317 1846 quatenus
341 1760 411 1824 eius
432 1761 550 1825 aetatis
573 1764 690 1841 poetae
703 1763 746 1824 ‘et
765 1760 850 1824 inter
871 1779 907 1823 se
920 1763 953 1823 et
966 1778 1040 1824 cum
1057 1759 1197 1842 Vergilio
1215 1765 1408 1843 congruant,

155 1863 272 1928 melius
294 1865 464 1946 appareat.

239 2013 437 2095 Priusquam
460 2031 538 2076 vero
562 2011 685 2076 adrem
699 2012 906 2095 propositam
920 2016 1063 2090 transeo,
1087 2016 1186 2076 antea
1198 2013 1411 2091 enumerabo,

156 2133 242 2197 quae
263 2113 341 2176 inde
363 2112 405 2176 ab
428 2111 525 2175 huius
548 2111 668 2177 saeculi
692 2131 780 2176 anno
804 2112 1006 2192 octogesimo
1034 2113 1129 2176 tertio
1160 2133 1180 2176 a
1206 2112 1283 2177 viris
1305 2113 1410 2178 doctis

41 2249 47 2265 ·
156 2215 197 2280 de
219 2213 351 2278 dicendi
384 2231 502 2294 genere
534 2212 659 2276 Siliano
689 2213 819 2294 prolata
849 2217 934 2276 sunt.
978 2212 1063 2276 Nam
1091 2231 1177 2294 quae
1209 2213 1411 2278 antecedunt

156 2316 220 2380 iam
244 2313 449 2377 Schinkelius
463 2317 488 2390 ²)
510 2317 668 2376 accurate.
685 2313 824 2394 collegit.
867 2313 940 2395 lpse
967 2313 1172 2377 Schinkelius
1200 2315 1295 2380 tertia
1319 2335 1409 2380 com·

156 2413 367 2480 mentationis
393 2433 473 2476 suae
502 2393 595 2494 parte
621 2414 662 2477 de
689 2412 813 2478 Siliano
836 2433 898 2477 usu
920 2413 1071 2477 infinitivi
1093 2414 1283 2496 disputavit.
1328 2416 1410 2480 Post

155 2515 305 2580 cumbis
329 2514 369 2578 de
392 2513 461 2578 Silii
483 2511 613 2577 dicendi
636 2533 755 2594 genere
778 2513 844 2595 egit
865 2513 1031 2578 Robertus
1054 2514 1270 2597 Deeringius,
1309 2521 1408 2600 atque

157 2618 184 2682 is
207 2616 340 2698 quidem
368 2614 459 2696 prius
481 2614 543 2678 sub
569 2614 669 2678 finem
692 2614 981 2678 commentationis
1018 2615 1081 2693 ,De
1105 2616 1248 2682 Homero
1271 2619 1408 2684 Latino“

19 2680 20 2686 ¹
60 2735 62 2739 ’
157 2716 374 2798 conscriptae,
397 2713 608 2797 Argentorati
632 2714 724 2791 1884,
747 2714 866 2779 deinde
889 2715 922 2779 in
945 2714 1056 2797 aliqua
1078 2720 1171 2800 parte
1205 2717 1274 2782 eius
1301 2719 1408 2804 libelli,

155 2817 211 2901 qui
237 2817 296 2894 ,de
318 2817 387 2882 Silii
410 2817 512 2882 Italici
534 2817 693 2899 epitomes
715 2835 750 2879 re
773 2816 907 2880 metrica
930 2820 962 2880 et
983 2836 1100 2899 genere
1123 2817 1268 2882 dicendi“
1295 2819 1409 2884 inscri-

154 2919 254 2996 bitur,
276 2917 485 3000 Argentorati
512 2918 602 2981 1886.
636 2915 772 2979 Accedit
793 2915 930 2980 loannis
949 2917 1107 2986 Groes'stii
1122 2917 1213 2997 liber,
1237 2919 1293 3000 qui
1314 2939 1409 3002 ,qua-

154 3025 251 3084 tenus
275 3017 373 3082 Silius
396 3017 527 3081 Italicus
551 3037 571 3080 a
596 3015 736 3096 Vergilio
759 3015 903 3096 pendere
924 3016 1090 3081 videatur“
1105 3020 1142 3097 ³),
1166 3022 1203 3080 ut
1221 3024 1410 3102 exponeret,

154 3121 188 3184 in
210 3118 279 3184 Silii
301 3117 444 3202 primum
467 3115 717 3206 compositionis
740 3121 861 3200 artem,
882 3117 1000 3182 deinde
1024 3118 1241 3182 imitationem
1263 3106 1423 3202 singulo-⁸
1449 3135 1452 3140 ·

154 3239 226 3285 rum
244 3216 376 3298 Vergilii
397 3215 717 3295 versuum,tertium
741 3216 775 3281 in
798 3236 836 3282 ea
860 3219 970 3297 verba,
994 3237 1079 3300 quae
1102 3217 1267 3300 aVirgilio
1286 3225 1409 3284 novata

97 3389 102 3398 ,
155 3323 213 3384 aut
234 3319 319 3382 inter
340 3337 376 3381 se
405 3313 591 3400 compo'sita
619 3318 653 3381 in
681 3317 813 3382 Punicis
845 3318 961 3382 eadem
997 3323 1187 3395 occurrunt,
1224 3321 1408 3385 accuratius

155 3417 335 3501 inquisivit.
378 3417 527 3500 Denique
559 3418 711 3500 proximo
734 3437 822 3482 anno
845 3417 899 3481 hic
920 3417 953 3481 in
980 3418 1086 3482 lucem
1108 3419 1302 3500 prodierunt
1314 3420 1409 3486 Pauli
1478 3475 1480 3477 .

154 3519 262 3584 Verris
278 3519 337 3596 „de
351 3519 424 3582 Tib.
437 3517 505 3582 Silii
519 3516 623 3582 Italici
639 3519 772 3583 Punicis
785 3522 816 3582 et
829 3517 932 3582 Italici
952 3517 1052 3582 Iliade
1065 3519 1181 3584 Latina
1196 3521 1408 3602 quaestiones

155 3619 389 3702 grammaticae
427 3623 459 3682 et
490 3617 696 3682 metericae“.
740 3620 788 3682 De
820 3618 889 3682 Silii
922 3618 1026 3701 tropis
1057 3623 1090 3682 et
1111 3620 1224 3700 figuris
1247 3627 1408 3703 quantum

154 3720 221 3785 scio
244 3719 370 3802 primus
393 3719 572 3801 Rupertius
595 3719 675 3801 egit,
715 3719 772 3802 qui
803 3719 862 3797 „de
892 3720 966 3784 stilo
994 3719 1123 3804 poetico
1147 3725 1179 3785 et
1200 3722 1408 3804 potissimum

154 3819 297 3885 Siliano“
313 3818 346 3882 in
363 3818 565 3884 Punicorum
582 3818 737 3884 editionis
758 3820 839 3884 tomi
849 3819 876 3883 ll
893 3819 1076 3904 appendice
1090 3820 1231 3904 scripsit,
1244 3828 1320 3903 post
1333 3843 1409 3887 eum

154 3921 263 3988 adhuc
286 3939 393 3984 nemo.
437 3919 617 4002 Rupertius
640 3924 770 3998 autem,
798 3939 872 3984 cum
895 3919 972 3984 alibi
997 3919 1252 4002 deligentissime
1275 3923 1409 4005 quidem

220 4290 239 4356 1)
262 4289 302 4343 Gt.
322 4289 510 4343 Braumueller
527 4288 630 4357 [Rieu]
651 4289 710 4354 ,die
728 4295 796 4358 trop.
815 4289 844 4341 in
863 4288 941 4356 Verg.
963 4291 1047 4343 Aen.“
1091 4289 1184 4357 Progr.
1202 4291 1251 4344 des
1269 4291 1294 4344 k.
1313 4291 1409 4346 With.-

154 4391 246 4445 gymn.
281 4371 376 4426 Berlin
394 4373 459 4426 1877
478 4378 505 4426 et
523 4373 596 4426 1882.

221 4475 243 4542 ¹)
261 4474 317 4540 ,De
334 4473 439 4527 Siliano
457 4471 568 4526 dicendi
585 4487 685 4540 genere
703 4471 905 4540 quaestiones&
932 4469 1005 4538 Lips.
1026 4472 1098 4526 1883.

221 4573 241 4644 ³)
260 4571 350 4643 Aquis
367 4571 504 4626 Mattiacis
524 4573 597 4626 1887.
