3182 4996
671 303 871 394 Α---

229 465 402 546 Eleganter
425 463 523 528 Silius
547 465 681 530 exitium
705 465 816 529 ltaliae
830 465 1005 528 imminens
1028 467 1149 529 caetani
1163 488 1259 529 rnens
1272 469 1402 532 vocavit

145 566 219 630 XVI
242 571 303 628 650
318 585 357 646 sq
370 565 421 628 his
443 565 563 629 verbis:
599 567 752 650 Sotasqae
783 568 890 629 rnenti
912 565 1230 649 5115515555155515.
1280 567 1401 631 Tabam

147 667 291 747 quaesite
313 688 333 730 5
351 667 429 732 Silio
447 667 581 749 sanguis
591 667 774 748 appellatus
788 669 837 730 est
849 667 890 729 lV
906 672 963 727 7111
988 687 1069 749 qnae
1085 688 1187 750 porro
1200 669 1276 733 baec
1283 671 1400 752 pietas,

148 767 279 831 delabro
301 769 492 853 adsperpere
516 767 597 848 1515,
621 788 762 850 quocum
787 787 886 831 versu
908 767 1058 832 conferas
1082 769 1177 832 velim
1202 771 1286 834 149.
1331 777 1399 834 101.

147 867 233 930 XVII
254 874 324 931 497.
370 873 507 953 51555115
529 889 593 932 vox
626 889 685 953 pro
721 871 809 933 nneri
842 867 1006 932 vocabulo
1029 889 1049 932 5
1071 869 1150 932 Silio
1173 871 1185 932 I
1209 876 1268 934 308
1293 872 1401 952 posita

146 974 207 1032 est:
230 969 417 1054 Effusisqne
439 972 536 1034 sinant
552 977 733 1054 51555515
757 993 794 1034 55
816 991 929 1055 noyers
950 969 1098 1033 rnernbris
1125 974 1157 1033 et
1180 971 1193 1032 I
1216 978 1285 1036 368.
1331 979 1400 1038 373.

144 1075 215 1132 490.
239 1074 310 1133 555.
355 1071 400 1134 XI
422 1077 493 1134 444.
538 1073 610 1136 XIV
634 1079 704 1150 667,
720 1073 776 1153 qui
799 1071 1401 1152 1115515555551111374515511155151·

145 1169 347 1255 obstabatque
366 1175 474 1236 iacens
498 1174 625 1238 callam.
651 1175 663 1237 Ι
686 1181 747 1237 314
770 1193 847 1256 pars
871 1172 1010 1236 militum
1033 1173 1230 1238 Hannibalis
1253 1176 1398 1238 crebram

143 1271 297 1351 glandem
322 1273 455 1338 Baliari
475 1274 599 1339 5555555
623 1276 759 1339 tundere
782 1274 899 1338 dicitur
921 1292 981 1354 pro
1005 1275 1137 1338 Baliari
1162 1275 1280 1356 fanda.
1325 1277 1400 1340 Bal-

141 1373 251 1436 listam
285 1372 506 1452 Phocaidem,
535 1397 601 1457 qua
636 1397 717 1440 saxa
746 1375 891 1456 ingenita
914 1375 947 1437 in
969 1372 1080 1439 hostes
1104 1375 1276 1451 iaciuntur,
1303 1377 1401 1442 Silius

142 1473 154 1535 I
179 1477 241 1534 335
264 1480 368 1538 costos
390 1475 525 1539 molares
548 1477 608 1559 [sc.
631 1475 773 1559 lapides]
798 1476 1018 1538 effundentem
1043 1476 1128 1539 fecit.

227 1575 332 1637 Crnor
354 1595 414 1656 pro
438 1597 553 1660 555155
574 1577 727 1658 legiturl
755 1583 817 1638 424
848 1581 1009 1640 canentem
1044 1577 1199 1641 recondens
1234 1600 1314 1660 aper·
1349 1600 1401 1642 ore

143 1695 301 1757 cruorem,
325 1676 446 1740 ubine
469 1699 614 1742 ornarem
637 1678 830 1758 sanguinem
858 1677 1005 1740 dentium
1036 1696 1148 1740 morsu
1182 1679 1399 1760 profluentem

142 1775 381 1856 intellegamus,
404 1779 494 1842 verbi
516 1779 653 1843 canendi
674 1777 881 1860 participium
905 1777 986 1840 illud
1022 1778 1141 1841 obstat.
1186 1779 1250 1843 Pro
1285 1781 1401 1842 nentis

143 1877 306 1941 vocabulo
329 1878 428 1942 Silius
450 1878 531 1944 haec
554 1879 619 1943 alia
640 1879 777 1942 nomina
800 1878 1007 1942 substantiva
1029 1881 1210 1960 usurpavit,
1234 1900 1320 1962 quae
1342 1881 1400 1944 ali·

144 1977 224 2059 quid
246 1978 350 2042 simile
367 1979 566 2061 significant:
592 1980 707 2045 Collern
730 1981 743 2044 I
763 1985 824 2044 585
840 1981 992 2044 Herculei
999 1986 1099 2062 ponto
1113 2001 1239 2064 coepere
1254 1983 1401 2045 ensistere

143 2079 245 2159 551155,
268 2079 404 2144 111420.
448 2086 519 2144 442.
565 2087 635 2146 513.
681 2086 752 2160 518,
771 2082 925 2144 tnrnnlnrn
944 2081 1017 2143 XIV
1039 2086 1099 2144 206
1123 2101 1162 2162 sq
1184 2103 1247 2145 non
1269 2089 1400 2144 515555-

142 2180 395 2264 11551551511555
418 2182 523 2246 Acrae
546 2182 721 2266 defaecant
741 2187 773 2247 et
786 2182 844 2245 XV
867 2188 937 2258 340,
961 2182 1018 2244 ubi
1033 2182 1190 2245 tamntnne
1213 2202 1273 2263 pro
1288 2186 1400 2245 monte

140 2281 268 2346 dictum
289 2301 360 2346 esse
383 2303 423 2346 ex
444 2303 541 2347 versu
564 2289 624 2346 348
647 2283 726 2348 satis
748 2283 929 2348 luculenter
943 2287 1096 2364 apparet3
1109 2283 1182 2346 XVI
1205 2285 1400 2347 3071515511

141 2402 225 2446 voce
246 2403 306 2465 pro
342 2385 412 2468 5551
446 2386 548 2449 verbo
572 2386 669 2450 Silius
705 2405 785 2451 usus
821 2388 879 2456 est,
915 2404 990 2447 cum
1013 2383 1149 2446 diceret:
1171 2383 1268 2446 Dona
1288 2384 1400 2465 ferant

20 2497 27 2508 ·
141 2485 336 2568 tcenndisqne
357 2507 455 2569 snper·
474 2487 690 2570 {laurentibus
712 2487 848 2551 addant.
893 2486 1067 2584 Eleganter
1089 2484 1186 2548 Silius
1207 2485 1248 2546 VI
1272 2491 1334 2547 610
1359 2506 1398 2568 sq

142 2586 302 2649 Venerem
327 2587 488 2651 Aeneadis
511 2594 641 2652 rnentern
670 2587 794 2652 dedisse
829 2589 957 2665 narrat,
990 2587 1109 2669 premis
1144 2585 1299 2669 deponere
1334 2592 1399 2648 1515

144 2687 329 2751 Roranlearn
370 2689 497 2754 tondere
535 2689 682 2772 [urbem]
718 2688 738 2750 i.
761 2707 788 2750 e.
825 2685 998 2767 imperium
1033 2685 1195 2749 exercitus
1218 2689 1305 2750 certo
1328 2685 1398 2749 viro

144 2787 319 2866 confidere,
343 2809 487 2871 quocum
508 2790 580 2852 loco
604 2789 754 2852 conferas
776 2786 871 2850 velim
896 2787 954 2850 XV
977 2792 1036 2849 119
1060 2807 1108 2868 sq.

230 2888 337 2972 anoe
367 2908 448 2952 voce
479 2889 627 2953 celeritas
663 2887 866 2968 significatur
888 2886 931 2948 Ill
954 2891 1014 2949 308
1046 2893 1137 2951 15515
1157 2887 1239 2972 sapa
1262 2895 1306 2952 est
1328 2888 1346 2951 i.
1371 2909 1397 2951 e.

140 2991 237 3052 tanta
259 2993 309 3052 est
331 2989 478 3054 celeritas
501 2989 703 3066 Autololum,
734 3009 819 3070 quae
859 2989 974 3052 eadem
1006 2987 1122 3051 eodem
1153 3009 1249 3052 versu
1275 2989 1398 3052 notatas

140 3090 337 3170 appellatur.
383 3090 506 3154 Contra
527 3089 668 3154 Daedali
689 3090 818 3154 volatus
841 3111 861 3152 a
885 3088 962 3152 Silio
986 3095 1108 3152 necatas
1135 3089 1319 3172 appellatus
1349 3095 1399 3152 est

139 3189 203 3252 XII
225 3195 284 3266 102
308 3210 356 3270 sq,
379 3190 436 3253 ubi
457 3189 587 3270 legitur:
611 3191 675 3254 Hic
692 3211 756 3272 pro
778 3189 934 3272 55515555
946 3195 1061 3272 pratas
1077 3191 1139 3272 515
1153 3191 1270 3273 1551515
1292 3197 1396 3254 necata

139 3291 282 3353 institnit
303 3290 437 3371 Phoebo,
470 3310 590 3372 nempe
624 3295 660 3354 51
695 3290 921 3374 repetitionem
955 3276 1096 3353 ootatns'
1117 3290 1278 3368 vocabuli,
1306 3289 1397 3370 quod

139 3409 239 3454 versu
263 3397 320 3454 101
343 3390 520 3472 praecedit,
542 3391 685 3456 evitaret.

228 3494 403 3556 Senectutis
431 3512 495 3555 vox
530 3493 571 3556 de
602 3491 695 3573 equis
722 3495 881 3574 usurpata
904 3495 1010 3556 exstat
1034 3492 1078 3555 III
1102 3498 1162 3554 382
1180 3499 1397 3576 properatqne

139 3599 285 3656 senecias
308 3594 367 3676 [sc.
392 3593 568 3674 equorum]
587 3596 619 3656 et
640 3593 713 3656 XVI
736 3599 794 3656 331
819 3614 868 3675 sq,
891 3601 1033 3658 senectae
1054 3612 1119 3656 vox
1140 3591 1180 3656 de
1204 3612 1300 3657 cerva
1322 3593 1396 3656 Xlll

143 3700 215 3756 126.
259 3695 364 3776 Litas,
388 3693 477 3776 quod
512 3713 580 3757 non
608 3693 671 3757 nisi
693 3693 734 3757 de
760 3694 859 3758 maris
882 3714 942 3758 ora
964 3698 1109 3758 extrema
1130 3693 1281 3774 usurpari
1303 3694 1396 3772 solet,

142 3795 241 3858 Silius
265 3795 306 3858 IV
328 3800 389 3858 582
413 3815 452 3876 sq
475 3794 616 3858 Trebiae
637 3794 765 3858 flumini
778 3795 892 3858 tribuit
913 3795 965 3858 his
979 3794 1101 3858 verbis:
1127 3793 1213 3856 Dara
1236 3793 1395 3878 51515515-

142 3917 202 3981 555
223 3898 308 3960 aion
322 3917 385 3980 per
398 3895 615 3960 inentricabile
629 3897 890 3978 11155555551511,
913 3893 964 3980 lot.
980 3895 1062 3958 Aen.
1077 3894 1148 3957 VIII
1162 3894 1228 3976 83.]
1273 3893 1397 3958 Contra

141 3996 243 4060 maris
264 3996 340 4060 litus
362 3998 469 4080 riparn
491 3997 668 4080 appellavit
689 3997 732 4060 Vl
754 4001 815 4059 513
839 4003 867 4061 et
888 3999 964 4082 ripa
986 3995 1085 4078 555511
1098 3993 1245 4058 decedere
1262 3996 1397 4078 555515,

142 4097 334 4180 5155515155
368 4099 507 4161 vocatur
539 4098 724 4180 prodigium
758 4097 799 4162 de
821 4097 933 4162 avium
954 4097 1066 4161 volatu
1087 4094 1225 4176 petitum
1248 4095 1317 4158 vice
1339 4117 1397 4158 aa·

139 4199 231 4280 parii
265 4198 370 4274 V60;
396 4201 521 4260 'contra
556 4200 729 4282 oapnriarn
763 4198 866 4262 menti
908 4196 1061 4260 tribuitur
1092 4197 1137 4259 XI
1172 4203 1243 4260 571.
1300 4197 1398 4261 Silius

143 4299 237 4381 511551
258 4299 456 4363 vocabulum
479 4298 507 4360 V
530 4303 591 4360 525
612 4318 688 4361 eum
705 4319 844 4380 parrone
866 4316 946 4360 voce
968 4296 1183 4360 commutavit
1204 4295 1254 4360 his
1276 4297 1397 4362 verbis:

146 4399 210 4464 Nec
231 4399 351 4462 crndae
380 4399 556 4462 tardarant
591 4400 728 4482 15515155
750 4419 899 4481 parmae,
929 4395 1052 4477 quippe
1075 4417 1160 4479 quae
1184 4401 1281 4463 55155
1302 4417 1399 4462 versu

145 4504 202 4561 521
241 4499 361 4581 clipeos
397 4497 561 4580 appellata
601 4499 651 4563 sit.
696 4499 766 4562 Lux
802 4517 909 4578 aquae
941 4496 1117 4577 splendore
1142 4497 1257 4560 effecta
1278 4519 1297 4562 a
1319 4497 1397 4561 Silio

147 4596 258 4661 ambra
280 4599 397 4660 vocata
420 4601 469 4660 est
491 4595 548 4661 Vll
579 4605 754 4678 143-145‚
790 4598 847 4662 uhi
881 4598 963 4664 haec
998 4598 1163 4680 leguntur:
1185 4599 1275 4662 Sient
1298 4619 1400 4682 aqnoe
