3112 5000
71 461 320 527 habitantibus
342 462 393 527 his
416 461 537 526 verbis:
564 461 693 545 Captiva
718 461 814 527 Liber
835 483 905 525 arem
928 466 1021 546 sipara
1044 461 1178 544 referret
1195 459 1234 524 ab
1254 459 1354 522 Earo.

74 565 164 627 Aras
181 564 328 627 Arctoas
351 563 497 628 similiter
518 561 661 643 populos
683 563 716 626 in
740 561 988 645 septentrionali
1011 566 1115 628 terrae
1138 562 1236 643 plaga
1259 560 1355 625 habi·

72 667 193 730 tantes
220 663 388 745 significat
410 662 451 726 lll
473 667 550 726 614:
583 661 642 725 Hic
670 669 697 725 et
727 662 766 725 ab
796 664 911 726 Arctoo
947 683 1063 726 carras
1093 669 1163 744 apat
1201 683 1259 726 aee
1294 684 1353 745 per

78 765 206 829 Urbem
235 791 276 820 =
300 763 516 845 triumphabit
538 762 579 826 de
614 761 745 844 populis
776 762 1097 842 septentrionalibus,
1152 763 1290 826 Oecesas
1322 765 1354 824 et

72 872 172 929 ortem
197 869 283 929 sunt
304 883 366 948 pro
388 864 481 928 terris
504 861 763 926 occidentalibus
787 866 817 926 et
845 863 1057 928 orientalibus
1090 881 1270 944 earumque
1303 862 1353 926 in-

72 965 161 1030 colis
189 965 270 1030 XIV
294 971 366 1030 235.
1183 953 1187 962 ’
1353 981 1356 988 ’

166 1065 327 1148 Denique
368 1063 456 1129 addo
488 1065 623 1129 nomina
661 1084 775 1130 eorum
810 1067 968 1143 locorum,
1000 1083 1086 1146 quae
1121 1081 1181 1146 pro
1217 1063 1287 1126 deis
1323 1067 1354 1126 et

73 1167 206 1232 ommis
228 1169 438 1232 mortuorum
461 1185 499 1230 ea
522 1165 595 1229 loca
617 1165 835 1230 incolentibus
857 1167 891 1229 in
913 1165 1047 1230 Punicis
1070 1168 1208 1228 exstant.

167 1269 243 1333 Pro
280 1268 348 1332 deis
382 1266 469 1330 enirn
508 1266 661 1347 leguntur
696 1267 785 1348 apud
807 1265 935 1330 Silium:
965 1266 1118 1348 Olympus
1140 1265 1169 1328 X
1192 1267 1254 1327 350
1276 1285 1353 1349 quos

75 1374 216 1435 intrare
242 1368 333 1432 debit
354 1385 520 1452 nunquam
544 1375 694 1451 repeater
715 1367 853 1451 Olympi,
877 1366 932 1450 [ci.
955 1366 1037 1430 Aen.
1059 1363 1130 1428 VIII
1145 1369 1215 1429 533.
1239 1363 1287 1428 IX
1301 1370 1351 1427 84.

75 1472 106 1535 Χ
133 1479 163 1535 l.
190 1470 257 1534 XII
285 1468 372 1552 791],
397 1468 505 1534 aether
526 1467 584 1532 Xll
612 1473 672 1530 919
696 1487 870 1552 eeserrqaes
888 1487 1005 1532 recreas
1017 1465 1144 1530 tollebat
1165 1467 1210 1530 ad
1225 1466 1355 1532 aethera

74 1571 202 1653 vultus,
239 1568 294 1652 [ci.
322 1567 403 1632 Aen.
432 1567 475 1632 IX
504 1567 571 1652 24],
600 1566 709 1630 sidere
735 1568 764 1630 X
794 1573 855 1632 578
880 1567 973 1650 fama
1001 1566 1114 1632 dehiac
1147 1569 1214 1630 iam
1245 1566 1355 1632 sidere

76 1671 198 1735 adibat
222 1673 260 1734 et
280 1668 354 1732 XIII
377 1673 447 1732 791.
471 1667 545 1732 XVI
568 1673 639 1748 437,
663 1670 785 1734 ceolam
809 1671 838 1734 Π
863 1674 923 1732 282
949 1668 1076 1733 eteocle
1090 1667 1353 1752 aetoreb'aqeam

76 1771 118 1835 IV
144 1776 225 1834 276.
251 1769 322 1833 VIII
346 1773 416 1832 294.
439 1767 498 1832 XII
527 1773 595 1833 146.
619 1773 689 1835 598,
714 1775 784 1834 728.
807 1770 880 1834 XVI
903 1775 974 1848 397,
1007 1768 1062 1852 [cf.
1092 1767 1173 1832 Aen.
1210 1767 1280 1830 VIII
1303 1772 1363 1832 64.

78 1872 122 1936 XI
147 1871 248 1955 351]‚
272 1868 363 1951 quod
384 1869 472 1933 idem
494 1869 693 1934 vocabulum
716 1869 796 1935 deos
819 1875 852 1934 et
873 1870 1027 1936 hommes
1055 1870 1129 1934 XIII
1159 1874 1221 1932 425
1251 1869 1352 1951 signi·

79 1974 159 2039 ilcat
182 1972 243 2037 his
267 1971 389 2036 verbis:
413 1971 542 2035 invisus
564 1971 791 2056 eaelospeeas.
837 1971 901 2036 Dei
921 1969 1023 2054 inferi
1043 1973 1204 2037 vocantur
1231 1991 1251 2034 a
1273 1969 1353 2036 Silio

52 2146 57 2165 ,
80 2075 214 2139 Erebeae
255 2073 269 2136 1
301 2077 340 2136 92
371 2078 459 2137 oleat
484 2092 563 2136 arae
585 2071 725 2157 caelique
747 2073 816 2137 deis
837 2072 1002 2158 Ereboque
1026 2075 1160 2158 petenti,
1183 2071 1246 2136 nisi
1269 2073 1352 2137 forte

80 2193 188 2240 unum
215 2173 361 2239 Erebum
385 2172 484 2236 deum
507 2169 667 2236 hocloco
691 2192 711 2236 a
733 2171 813 2236 Silio
836 2173 961 2246 dIctum
983 2191 1056 2238 esse
1077 2178 1185 2255 putas.

170 2275 316 2339 Animae
337 2277 544 2337 mortuorum
568 2269 711 2354 denique
733 2273 919 2354 apellantur
939 2272 973 2337 in
995 2273 1129 2338 Punicis
1147 2275 1236 2339 laces
1253 2275 1353 2340 Erebi

82 2375 144 2440 XII
172 2379 238 2438 649
263 2374 414 2444 aedicere
436 2373 525 2438 laces
547 2371 655 2451 Erebi,
682 2374 828 2438 Tartara
851 2380 880 2436 et
901 2377 999 2438 tertie·
1008 2395 1108 2459 rapae
1128 2375 1201 2440 XIII
1224 2381 1285 2440 436
1300 2386 1349 2458 sq,

83 2476 139 2541 ubi
163 2477 253 2542 haec
275 2473 398 2556 scripta
420 2473 583 2539 videmus:
608 2473 800 2538 Accedeetie
822 2493 915 2537 aereo
941 2475 1085 2541 Tartara
1107 2482 1226 2540 eleale
1246 2477 1350 2541 aceles

87 2577 247 2643 adsistere
269 2577 364 2639 tertia
386 2596 494 2659 repca.

170 2684 202 2742 2.
227 2676 335 2740 Urbes
356 2695 419 2757 pro
441 2675 557 2742 incolis
579 2676 708 2758 positae
730 2675 855 2758 passim
876 2680 914 2740 ut
935 2677 1026 2760 apud
1048 2677 1131 2743 alios
1159 2682 1275 2760 poetas
1305 2678 1349 2742 ila

85 2777 176 2858 apud
201 2776 319 2842 Silium
350 2776 570 2842 inveniuntur.
615 2777 761 2841 Plurima
791 2776 889 2841 huius
919 2777 1005 2859 tropi
1040 2779 1191 2860 exempla
1218 2783 1349 2846 exstant

85 2877 117 2940 in
154 2879 250 2944 libris
284 2876 356 2941 VIII
386 2881 418 2941 et
451 2877 523 2942 XIV
556 2877 595 2942 iis
626 2876 716 2955 locis,
745 2877 865 2959 quibus
901 2878 1022 2944 auxilia
1056 2879 1285 2946 Romanorum
1314 2893 1349 2948 et

47 3009 50 3017 =
84 2977 277 3046 Poenorum
310 2998 331 3042 a
363 2978 444 3044 Silla
475 2977 698 3043 nominantur.
743 2977 827 3042 Cum
849 2995 929 3043 vero
951 2978 1062 3044 multis
1089 2979 1169 3044 locis
1189 2981 1280 3046 baud
1303 2983 1348 3048 ita

85 3076 181 3144 facile
205 3077 379 3144 diiudicari
401 3079 516 3160 possit,
540 3084 649 3144 utrum
672 3099 707 3142 re
728 3097 808 3144 vera
829 3080 908 3144 urbs
930 3100 991 3161 pro
1014 3080 1130 3144 Incolis
1152 3082 1270 3162 posita,
1294 3104 1346 3161 an,

89 3183 125 3243 ut
147 3180 196 3247 ita
219 3179 339 3258 dicam,
362 3181 509 3246 animata
532 3181 583 3258 sit,
607 3199 714 3263 neque
736 3180 769 3243 in
791 3180 878 3246 hanc
899 3200 968 3245 reru
981 3183 1166 3247 accuratius
1184 3183 1347 3266 inquirere

89 3270 215 3361 operae
236 3282 379 3363 pretium
401 3281 453 3360 sit,
468 3301 580 3346 earum
592 3279 723 3345 urbium
738 3281 875 3347 nomina
887 3301 1099 3347 enumerasse
1111 3283 1190 3348 satis
1204 3285 1345 3364 habebo,

90 3399 174 3460 quas
199 3401 260 3463 pro
283 3381 398 3447 incolis
421 3381 535 3448 aSilio
557 3384 735 3462 usurpatas
752 3401 825 3446 esse
847 3381 927 3446 mihi
946 3385 1103 3464 persuasi.
1149 3384 1243 3463 Quae
1254 3391 1344 3453 sunt:

176 3483 280 3546 Roma
302 3483 364 3546 15.
390 3488 439 3546 ro.
462 3487 512 3547 29.
537 3468 829 3548 2626021122.
856 3483 902 3548 111
934 3489 982 3548 ra.
1015 3489 1085 3550 564.
1118 3490 1187 3550 ses.
1226 3489 1344 3556 voor.

90 3578 131 3643 VI
153 3587 227 3647 483.
250 3582 309 3648 VII
333 3589 383 3648 24.
407 3589 457 3648 90.
480 3588 551 3648 538.
575 3588 645 3648 563.
668 3583 739 3648 VIII
756 3590 826 3649 270.
842 3590 913 3649 348.
934 3592 1005 3650 479.
1028 3587 1073 3650 IX
1096 3594 1165 3652 196.
1189 3594 1258 3655 351.
1274 3595 1344 3656 531.

90 3680 120 3744 X
148 3689 220 3748 234.
252 3690 322 3748 382.
351 3690 423 3750 481.
451 3689 521 3749 657.
549 3684 593 3750 XI
623 3691 673 3750 57.
702 3690 772 3749 124.
801 3675 863 3749 XII
890 3691 961 3751 318.
989 3691 1060 3752 518.
1083 3693 1155 3753 580.
1179 3696 1249 3754 634.
1274 3697 1343 3757 690.

91 3779 164 3846 XIII
197 3790 268 3849 823.
299 3791 370 3850 830.
400 3785 458 3850 XV
492 3791 541 3850 90.
571 3791 640 3850 126.
671 3791 742 3850 336.
769 3791 841 3850 547.
873 3791 943 3852 577.
966 3787 1037 3852 XVI
1065 3793 1135 3854 283.
1160 3795 1230 3856 691.
1253 3792 1343 3867 XVII

91 3886 162 3946 611.
193 3889 264 3964 654,
297 3885 456 3970 Cartbaqo
483 3887 496 3949 Ι
524 3892 552 3951 3.
582 3892 653 3952 678.
680 3889 712 3951 II
739 3894 809 3952 303.
838 3893 909 3952 365.
937 3893 1008 3953 373.
1037 3895 1107 3953 573,
1138 3892 1269 3956 703111
1293 3898 1342 3956 69.

93 3987 161 4048 143.
185 3985 224 4048 IV
249 3991 297 4049 79.
322 3991 392 4050 790.
416 3985 443 4047 V
466 3991 536 4051 595.
559 3986 601 4050 Vl
623 3991 673 4052 89.
696 3993 768 4052 410.
790 3995 862 4054 479.
885 3994 957 4054 582.
986 3996 1056 4052 701.
1085 3997 1154 4054 712.
1183 3991 1238 4056 Vll
1272 4000 1341 4058 281.

91 4087 160 4148 491.
186 4085 257 4152 VIII
281 4092 349 4152 133.
373 4092 444 4151 676.
467 4086 512 4151 IX
535 4093 605 4152 126.
628 4088 658 4151 Χ
681 4093 730 4152 88.
754 4094 825 4154 658.
848 4090 893 4154 XI
916 4094 964 4152 76.
989 4097 1039 4152 97.
1071 4097 1140 4155 116.
1169 4093 1242 4157 XIII
1271 4100 1341 4159 698.

92 4181 162 4247 XIV
175 4192 244 4251 115.
260 4186 318 4251 XV
331 4192 402 4266 340,
417 4193 488 4254 383.
501 4192 573 4252 464.
589 4191 659 4252 664.
672 4192 741 4253 750.
750 4188 822 4253 XVI
839 4194 889 4253 92.
906 4196 975 4253 684.
992 4195 1061 4254 693.
1077 4191 1164 4257 XVII
1183 4199 1252 4258 174.
1272 4200 1341 4260 186.

92 4284 160 4348 aar.
184 4291 254 4366 350,
279 4286 333 4371 [ef.
356 4287 439 4352 Aen.
462 4287 492 4351 x
516 4288 581 4372 12]‚
606 4288 768 4373 sepontus
790 4290 803 4353 1
826 4296 896 4353 332.
921 4296 991 4356 aar.
1015 4297 1085 4359 650.
1114 4295 1142 4358 11
1170 4301 1242 4361 436.
1270 4301 1340 4362 514.

93 4383 160 4447 541.
183 4387 224 4450 ΙΠ
247 4393 296 4450 66.
320 4391 391 4451 564.
415 4387 442 4449 V
467 4393 535 4452 160.
560 4389 615 4453 VII
639 4395 709 4454 280.
733 4391 777 4454 IX
795 4396 863 4454 186.
886 4391 959 4455 XIII
972 4397 1043 4471 675,
1071 4395 1170 4459 Treta
1185 4395 1256 4460 VIII
1271 4403 1340 4462 137.

95 4482 160 4562 620,
179 4485 265 4550 XVII
287 4491 358 4566 363,
391 4485 445 4572 [cf.
473 4489 555 4556 Aen.
583 4490 595 4553 l
626 4491 713 4575 375],
746 4491 845 4554 Iliam
876 4491 948 4558 XIII
971 4500 1021 4574 43,
1050 4495 1105 4580 [cf.
1128 4496 1210 4562 Aen.
1230 4497 1251 4562 ,Ι
1273 4499 1340 4583 68],

95 4577 202 4667 Copae
224 4587 294 4650 VIII
317 4592 387 4654 544.
411 4589 455 4652 XI
479 4597 527 4654 29.
554 4597 621 4654 151.
649 4597 716 4654 195.
740 4598 809 4656 207.
834 4599 903 4656 317.
928 4594 985 4658 XII
1009 4601 1059 4659 87.
1083 4603 1151 4661 113.
1175 4603 1244 4662 498.
1268 4598 1340 4662 XIII
