3182 4996
221 374 338 431 restare
367 369 434 430 uiro
461 368 578 449 laban,
613 387 672 450 pro
707 367 794 432 malo
825 372 857 432 et
886 365 1071 432 calamitate
1100 367 1130 430 X
1158 373 1195 428 21
1224 386 1271 447 sq.
1301 351 1351 429 liis
1372 386 1484 450 snper

220 473 360 535 iuternac
387 469 470 533 labes
500 477 527 532 ct
559 471 658 532 ciuica
689 470 804 532 circinus
835 467 959 531 tandiu
989 467 1144 550 auqebant
1171 471 1204 530 et
1234 467 1303 530 VIII
1337 471 1399 528 255
1428 486 1483 546 sq.

216 574 312 654 fastis
335 573 434 634 tabern
457 571 622 655 suffrnpia
644 591 737 635 reneca
759 569 963 650 addiderant,
985 588 1045 650 pro
1068 567 1134 647 igni
1156 567 1228 630 XIV
1249 573 1309 629 308
1337 567 1484 649 ptionen-

218 681 337 759 ternquc
366 673 494 736 truncus·
526 722 532 734 .
559 723 565 735 .
595 672 704 735 trabem.
740 671 892 734 Similiter
913 671 980 734 lues
1002 689 1062 750 pro
1086 668 1177 732 clade
1200 687 1331 749 pugnae
1352 667 1486 746 legitur
1567 680 1570 744 ᾗ

218 774 275 836 XII
298 778 358 836 385
382 773 457 835 dira
480 772 554 834 inde
571 773 647 851 tices,
670 791 730 854 pro
753 771 818 852 igni
841 770 927 834 XVII
951 777 989 830 96
1014 771 1037 833 it
1058 772 1129 832 iotis
1151 771 1283 832 inimica
1311 769 1376 832 iucs
1398 789 1483 831 crim
1568 849 1569 862 χ

217 875 341 938 turb-inc
373 875 495 937 castris.

301 973 456 1057 Ariibapes
497 993 578 1038 aevo
609 973 797 1038 tribuuntur
838 973 907 1036 VIII
937 978 977 1034 44
1021 993 1068 1052 sq,
1107 973 1162 1035 ubi
1208 972 1288 1035 haec
1324 975 1482 1035 exstant:
1568 955 1569 982 ³

218 1075 320 1159 Atque
355 1075 539 1158 arnbupibus
574 1077 642 1139 aea-i
678 1075 830 1157 obthitur
872 1081 1016 1138 actitatae.
1081 1074 1186 1136 Lirncc
1241 1074 1327 1136 vitae
1372 1071 1485 1136 datur

217 1176 285 1238 VIII
309 1182 368 1238 612
392 1196 439 1258 sq.
471 1176 521 1239 his
548 1174 668 1240 verbis:
709 1175 772 1238 Nec
795 1176 921 1258 sunnam
952 1176 1038 1238 lncuo
1067 1174 1235 1258 accurrebat
1257 1175 1355 1236 innita
1376 1174 1483 1252 uitae)

216 1295 281 1357 quo
306 1277 393 1341 addo
416 1277 446 1340 X
468 1282 507 1339 57
531 1279 572 1338 sit
597 1277 774 1360 „spatiurd
797 1276 887 1356 fidis.

300 1377 372 1442 Hoc
394 1378 467 1441 loco
491 1379 648 1440 cicatricis
671 1397 803 1458 quoque
824 1377 913 1441 vocis
936 1375 1137 1440 mentionem
1160 1374 1288 1452 faciam,
1312 1393 1378 1455 qua
1399 1394 1482 1437 me-

216 1478 320 1542 moria
350 1478 492 1541 vulneris
537 1477 555 1540 i.
588 1497 614 1540 e.
653 1477 790 1541 inluriae
820 1499 840 1541 a
871 1477 995 1559 populo
1022 1477 1195 1540 Romanae
1223 1475 1338 1538 Paullo
1360 1473 1482 1548 illatae

219 1578 285 1640 VIII
316 1584 375 1640 287
406 1599 454 1659 sq.
491 1577 699 1658 significatur,
728 1578 784 1641 ubi
814 1578 943 1658 legitur:
981 1579 1174 1662 Siquataquc
1204 1583 1303 1639 ricarde
1336 1577 1481 1639 cicatrice

215 1679 371 1742 irridentes
392 1677 492 1762 {adpro
514 1678 664 1760 frenabat
689 1679 782 1742 corde
808 1679 939 1742 dolores.
968 1717 1007 1724 —
1034 1677 1318 1742 inundemus
1341 1676 1478 1758 poeltus

215 1781 320 1842 exstat
342 1779 400 1841 XII
422 1784 483 1842 449
508 1800 555 1860 sq.
580 1781 710 1842 lituinias
733 1787 895 1844 terrantnn
918 1780 1004 1862 fruta
1027 1799 1182 1842 crirarrnn
1202 1777 1381 1859 feruoribus
1412 1779 1478 1839 irn-

210 1881 287 1963 ptet,
302 1899 446 1961 quocum
461 1880 532 1943 loco
547 1882 695 1945 conferas
710 1881 767 1944 XV
783 1887 844 1944 649
867 1889 952 1944 tanto
977 1879 1102 1960 feruore
1124 1879 1244 1942 ructat.
1259 1916 1299 1922 -—
1317 1879 1478 1942 Tonitrus

216 1999 295 2042 voce
323 1979 364 2042 ad
393 2001 560 2044 armorum
588 1983 731 2046 sonitum
759 1982 1011 2064 significandum
1037 1979 1135 2043 Silius
1157 1979 1201 2042 IX
1223 1985 1283 2041 423
1307 1999 1386 2042 usus
1408 1984 1476 2056 est,

215 2079 272 2142 ubi
300 2080 381 2144 haer
412 2081 635 2147 Inveniuntur:
668 2085 811 2168 lupentio
839 2085 933 2167 clipei
954 2084 1073 2146 tonitru
1089 2082 1307 2164 praenunciat
1328 2081 1412 2142 irum
1438 2084 1476 2142 et

215 2181 286 2243 XIII
310 2202 357 2263 sq.
382 2189 408 2246 at
430 2203 582 2247 concussa
604 2191 647 2248 cst
669 2185 803 2248 Daunia
825 2185 917 2248 tellus
939 2203 1102 2246 annorum
1125 2184 1253 2246 tonitru.

299 2284 395 2346 Arois
416 2303 480 2348 vox
503 2283 542 2346 de
563 2283 698 2348 laudum
728 2284 856 2364 fastigio
884 2289 1043 2366 usurpata
1083 2288 1188 2348 exstat
1218 2284 1290 2347 XIII
1327 2290 1387 2346 770
1417 2304 1473 2366 sq.

215 2403 294 2468 quac
324 2391 351 2446 tc
382 2385 434 2446 nia
457 2435 463 2448 .
488 2435 494 2448 .
521 2435 527 2448 .
551 2386 594 2448 ad
617 2407 757 2450 siraninus
781 2385 914 2448 lauduni
932 2387 1123 2468 perdunerit
1145 2405 1242 2448 arcae.
1308 2385 1473 2448 Cacumen

213 2483 443 2565 proboscidem
466 2485 633 2568 elephanti
655 2486 823 2568 intellegas
846 2507 978 2550 necesse
1004 2491 1053 2550 est
1076 2487 1120 2549 IX
1143 2491 1202 2548 583
1224 2485 1325 2568 fuipd
1348 2484 1385 2546 ab
1417 2485 1472 2546 in-

214 2605 308 2648 curro
332 2585 455 2650 derecta
477 2589 639 2651 cacinnine
661 2589 777 2671 crispio.
821 2589 916 2652 Ortus
938 2607 1003 2652 vox
1025 2586 1066 2650 de
1090 2589 1246 2652 Messana
1267 2584 1348 2647 urbe
1370 2603 1472 2647 usur-

213 2689 292 2767 pata
326 2690 375 2750 est
403 2687 475 2750 XIV
507 2694 565 2751 195
598 2691 675 2754 Osco
705 2688 918 2751 incana-abilis
949 2696 1036 2769 ortu,
1071 2707 1214 2770 quocum
1244 2688 1318 2751 loco
1345 2685 1402 2748 XV
1427 2692 1470 2748 77

213 2791 289 2868 apte
311 2789 466 2858 conferes

303 2888 517 2953 Terrebrururn
540 2909 620 2954 voce
638 2891 743 2956 otiosa
765 2892 982 2974 tranquillitas
1005 2893 1090 2956 vitae
1112 2891 1169 2954 XV
1194 2895 1232 2952 70
1254 2888 1467 2969 significatur.

212 2987 309 3050 Mella
330 2988 471 3070 denique
494 2990 601 3055 dulcia
624 2991 768 3055 Nestoris
791 2993 890 3057 verba
913 3015 933 3057 a
955 2993 1033 3057 Silio
1056 2993 1113 3056 XV
1142 2997 1202 3054 457
1229 2993 1347 3054 vocata
1378 2993 1466 3066 sunt,

211 3087 268 3149 ubi
290 3089 417 3169 legitur:
443 3090 608 3176 aequabat
630 3091 797 3174 [Laelius]
820 3093 931 3177 Pyliae
955 3093 1066 3158 Neleia
1087 3094 1181 3156 incita
1203 3100 1350 3157 senectae.

230 3249 261 3293 a.
292 3235 373 3294 Res
391 3237 443 3294 ab
462 3238 694 3296 hominibus
713 3241 844 3298 factae
862 3243 906 3297 ln
924 3245 1114 3299 naturam
1132 3241 1446 3298 transferuntur.

297 3375 419 3438 Dornus
442 3377 699 3456 Saguntinorum
721 3377 831 3442 Roma
853 3379 902 3441 vel
925 3379 1063 3457 Latium,
1087 3379 1222 3460 antiqua
1254 3397 1369 3442 eorum
1403 3396 1462 3458 pa·

211 3471 282 3550 tria,
315 3479 474 3539 vocantur
509 3478 606 3539 1572
631 3480 824 3564 antiquaque
846 3481 938 3544 donno
959 3481 1092 3545 meliora
1115 3481 1263 3544 arcessite
1286 3478 1368 3561 fata.
1411 3475 1462 3540 Si-

211 3574 329 3638 miIIter
351 3575 467 3658 legitur
484 3578 512 3640 ll
537 3584 574 3642 76
599 3586 626 3642 et
650 3579 747 3643 Rhesi
769 3579 881 3644 donnus
902 3601 962 3663 pro
981 3582 1103 3666 patria.
1146 3578 1236 3643 Fidei
1259 3579 1372 3643 donnus
1402 3578 1462 3642 Sa-

211 3677 331 3754 guntus
363 3675 441 3740 urbs
469 3679 481 3740 l
509 3683 570 3740 593
600 3680 783 3760 appellatur
811 3680 862 3744 his
891 3681 1011 3745 verbis:
1041 3683 1067 3746 O
1092 3680 1187 3744 Fidei
1208 3679 1320 3743 donus
1342 3679 1462 3758 inclita,

211 3773 329 3853 quibus
364 3777 442 3841 Iocis
476 3779 564 3843 addo
599 3780 723 3843 71479
761 3779 931 3865 Oartinpo,
966 3780 1125 3862 fraudum
1148 3782 1277 3862 donno,
1309 3779 1378 3842 VIII
1401 3784 1460 3842 593

210 3873 356 3957 Montani,
380 3877 549 3942 Marsorum
572 3880 693 3961 donnus,
716 3881 786 3944 VIII
809 3886 869 3944 599
894 3883 972 3946 Ocni
986 3883 1101 3966 prisea
1123 3881 1235 3945 donnus
1258 3872 1461 3960 [sc.Pollen-

208 3974 254 4038 ila
276 3977 384 4060 urbs]‚
414 3979 485 4042 XVI
515 3987 550 4042 71
580 3989 801 4067 nerrtonnnquc
828 3983 941 4046 donnons
969 3983 1062 4065 [quid
1089 3982 1267 4063 referam]?
1296 3977 1350 4061 [ot.
1378 3975 1459 4039 Aen.

210 4073 235 4136 V
259 4081 328 4139 214.
352 4077 421 4140 Vm
446 4085 514 4144 192.
539 4085 608 4144 235.
632 4083 718 4164 aaa]

294 4176 433 4244 Liminis
455 4181 607 4244 vocabuli
629 4181 860 4248 translationes
883 4187 1013 4248 exstant
1033 4185 1066 4248 in
1089 4183 1221 4248 Punicis
1243 4182 1320 4246 hae:
1349 4180 1376 4241 V
1399 4185 1458 4242 423

209 4281 240 4339 et
275 4279 346 4341 XIV
378 4286 439 4344 444
471 4284 580 4344 urinas
613 4284 646 4344 in
673 4283 799 4366 limine,
835 4285 907 4347 XIII
930 4289 990 4347 548
1014 4306 1061 4368 sq.
1085 4285 1255 4370 turbaeque
1282 4287 1314 4347 in
1352 4286 1459 4348 limine

208 4379 343 4444 lacisest
367 4386 424 4448 itn·
447 4385 626 4464 crstinrtae,
651 4382 705 4464 [ef.
730 4383 810 4448 Aen.
834 4386 877 4448 XI
900 4391 961 4448 423
984 4387 1058 4468 sq.],
1082 4385 1154 4449 XVI
1177 4392 1236 4448 316
1260 4395 1353 4471 atquc
1373 4388 1458 4468 totns·

210 4486 236 4544 ct
262 4481 374 4549 linn'na
397 4491 499 4547 sci-out
522 4503 671 4567 cprcorunr
696 4484 714 4547 i.
740 4505 765 4549 e.
789 4486 911 4565 locum,
940 4487 1027 4550 unde
1056 4487 1130 4568 equi
1158 4506 1285 4550 currere
1312 4489 1456 4568 coepturi
