3182 4996
725 253 925 343 .-Ar-

204 415 390 499 Scipionem
414 416 460 479 sic
482 415 678 497 alloquitur:
714 415 751 479 Si
778 415 835 479 libi
864 437 929 478 non
957 435 1065 498 sepnes
1096 421 1153 478 lua
1180 421 1292 478 contra
1314 415 1466 497 fnlnelna

204 540 298 602 saepe
320 518 381 580 alsi
402 524 617 597 sturesumus,
640 515 771 600 dippum
783 523 821 598 le,
844 522 917 580 nate
935 516 1098 596 Tonantis,
1122 516 1464 598 ufferlrnnsclenlrum.
1569 551 1570 570 l

204 619 357 682 Fulmina
384 617 471 682 enim
502 617 566 682 hoc
600 636 736 698 quoque
764 617 836 680 loco
863 615 1000 679 fulmina
1029 614 1115 679 Iovis
1143 615 1358 696 intellegenda
1385 637 1465 681 esse
1569 613 1570 692 ζ

204 721 356 800 apertum
379 722 437 797 est,
462 718 581 800 quibus
603 717 701 780 Silius
724 716 790 780 vim
813 719 845 780 et
866 716 1025 799 impetum
1049 715 1211 798 Scipionis
1233 717 1400 798 eleganter
1427 723 1467 782 et

204 820 345 902 graviter
365 818 549 900 significare
566 817 683 906 uoluit.
726 817 875 898 Denique
897 817 989 881 XVII
1012 823 1071 881 303
1095 817 1172 882 illud
1195 839 1265 883 ecce
1283 819 1375 883 cellud
1390 819 1466 901 fnl-

204 943 276 987 men
298 921 429 985 denlrae
455 919 617 1001 significat
650 940 716 982 ecce
744 920 842 982 alium
877 918 1069 1000 fulmineam
1097 918 1244 983 deutrum
1266 919 1285 981 i.
1308 937 1335 983 e.
1358 919 1467 984 alium

204 1022 398 1088 fulmineum
419 1021 472 1084 vel
494 1021 603 1103 potius
627 1019 779 1102 rapidum
803 1023 835 1082 et
855 1020 974 1083 fortem
995 1019 1111 1084 virum,

289 1123 380 1207 Ipnls
402 1121 443 1186 de
465 1120 540 1185 belli
563 1120 714 1203 periculis
737 1123 769 1184 et
791 1119 933 1202 pernicie
968 1123 1165 1202 usurpatum
1187 1123 1294 1184 exstat
1320 1121 1362 1184 III
1391 1129 1467 1189 119.

204 1223 277 1288 XIV
302 1228 371 1289 175.
394 1223 451 1286 XV
474 1229 525 1285 41.
568 1221 677 1304 Ipnem
700 1241 797 1285 nares
820 1221 895 1302 equi
918 1221 1042 1303 spirare
1064 1220 1217 1284 dicuntur
1238 1222 1280 1285 VI
1303 1228 1363 1284 232
1395 1245 1467 1288 cre-

205 1325 278 1388 bras
311 1324 453 1407 exspirat
482 1322 616 1386 nuribus
649 1322 737 1405 ipnes
766 1321 784 1383 i.
819 1341 845 1386 e.
881 1321 1024 1385 calidum
1054 1321 1203 1403 spiritum
1234 1325 1267 1385 et
1288 1322 1375 1385 XVII
1401 1329 1465 1387 133

205 1444 266 1506 sq.,
289 1423 488 1506 quibuscum
509 1422 657 1487 versibus
680 1423 830 1486 conferas
853 1422 897 1486 XI
920 1429 980 1485 327
1004 1441 1053 1504 sq.
1074 1423 1218 1486 uibrabat
1240 1421 1279 1485 ab
1301 1444 1354 1486 ore
1376 1425 1467 1506 lunis

206 1533 307 1590 atron.
352 1524 399 1586 De
422 1524 595 1588 oculorum
618 1523 793 1606 splendore
815 1525 900 1607 lpnis
921 1543 1002 1588 voce
1024 1521 1121 1586 Silius
1144 1521 1187 1584 XI
1211 1528 1271 1586 338
1294 1543 1341 1605 sq.
1378 1543 1464 1587 usus

206 1629 265 1702 est,
287 1625 344 1689 ubi
367 1625 449 1689 haec
472 1625 637 1704 leguntur:
663 1623 742 1687 Cum
762 1622 856 1704 frans
875 1627 1011 1708 propior
1036 1624 1202 1708 lumenque
1232 1645 1360 1688 corusca
1387 1626 1465 1706 iane

206 1727 319 1804 micat;
359 1726 413 1808 [cl.
450 1725 530 1792 Aen.
560 1726 588 1789 II
624 1731 695 1790 210.
727 1725 786 1789 XII
819 1725 904 1808 102]
955 1723 1077 1788 Sirium
1109 1725 1196 1808 lpnes
1225 1725 1464 1790 accendentem

206 1826 281 1890 lecit
315 1827 412 1890 Silius
435 1825 507 1890 XVI
530 1832 578 1888 99.
602 1825 688 1889 XVII
711 1831 771 1888 253
795 1827 883 1910 ipnes
905 1825 1042 1888 fulmina
1065 1823 1297 1906 intellegendos
1324 1845 1397 1889 esse
1420 1845 1464 1890 ex

206 1947 313 2007 versu,
337 1927 393 2008 qui
416 1924 597 2002 antecedit,
633 1931 780 2008 apparet.
824 1925 972 2007 Denique
995 1925 1106 1989 Labici
1143 1926 1230 1990 senis
1260 1927 1345 1991 vires
1376 1931 1467 2012 ipius

205 2030 292 2091 iners
314 2027 342 2090 V
364 2033 424 2090 572
448 2029 618 2092 vocantur.

288 2128 457 2192 Flammae
477 2147 543 2190 vox
564 2127 597 2190 in
620 2127 695 2190 belli
716 2125 861 2208 pericula
884 2131 914 2190 et
940 2118 1118 2207 perniciem
1143 2129 1304 2193 translata
1335 2129 1464 2193 inveni-

204 2233 258 2291 tur
279 2227 307 2291 ll
330 2235 389 2290 316
414 2236 471 2292 rent
491 2228 580 2310 ferra
600 2227 769 2308 flammaue
789 2227 957 2310 fatiscunt,
974 2227 1017 2292 III
1035 2233 1104 2306 703,
1128 2229 1217 2292 XXII
1239 2234 1296 2292 195
1311 2231 1465 2294 induitur

204 2335 269 2392 tola
296 2329 414 2411 Africa
435 2329 590 2411 flammis,
621 2328 708 2392 XVII
731 2334 801 2392 266.
847 2328 987 2392 Diuinae
1005 2328 1156 2410 flammae
1177 2329 1220 2393 III
1244 2337 1305 2393 344
1328 2351 1376 2412 sq.
1399 2331 1464 2396 ful·

205 2429 294 2494 mina
322 2431 412 2494 Iovis
440 2429 674 2511 significantur.
717 2428 758 2492 IV
785 2435 846 2492 432
876 2433 908 2492 et
929 2434 990 2491 482
1011 2430 1161 2512 flammae
1183 2450 1248 2494 vox
1270 2431 1340 2495 vice
1362 2452 1462 2496 voca-

102 2585 104 2588 .
205 2530 272 2594 buli
307 2532 387 2596 lueis
422 2532 575 2612 fungitur.
619 2533 685 2595 Pro
721 2530 892 2594 oculorum
926 2528 1100 2610 splendore
1125 2531 1259 2613 {lamma
1281 2531 1390 2614 posita
1412 2537 1465 2597 est

208 2631 235 2692 V
258 2636 318 2694 275
342 2651 389 2713 sq.
412 2632 611 2717 uiolentaque
633 2633 757 2695 lumina
781 2632 922 2716 flammis
953 2652 1100 2694 emersere
1126 2634 1229 2713 neuls,
1264 2632 1462 2715 quibuscum

205 2731 286 2795 locis
317 2730 467 2796 conferas
497 2732 541 2795 IX
567 2736 628 2794 445
661 2751 709 2814 sq.
740 2749 926 2817 summaque
953 2731 987 2794 in
1016 2732 1139 2795 casside
1170 2732 1281 2816 larqus
1303 2734 1463 2799 undantes

205 2832 299 2896 nolail
318 2832 469 2914 flammas
493 2832 537 2896 ad
558 2832 668 2897 sidera
690 2838 807 2912 nemea,
830 2830 875 2894 XI
902 2835 962 2892 219
987 2837 1014 2894 el
1028 2839 1145 2897 ulorna
1159 2836 1330 2919 serpebant
1342 2835 1463 2901 lumine

204 2933 364 3017 flammae,
387 2932 446 2996 XII
471 2938 633 2995 719-721
659 2939 798 3018 quantus
820 2932 935 3016 uepida
960 2981 966 2994 .
990 2981 997 2994 .
1021 2942 1209 2999 commaneat
1230 2935 1352 2999 nimbos
1371 2937 1464 3019 flam·

206 3055 337 3118 masque
371 3040 540 3098 uomentem
572 3029 716 3117 Jupiler,
753 3033 811 3097 XV
845 3039 883 3096 26
908 3053 955 3116 sq.
987 3033 1166 3118 lasciuaque
1197 3035 1306 3100 erebus
1328 3038 1467 3120 ancipili

207 3141 293 3198 motu
327 3135 484 3198 iuuabunt
515 3137 640 3199 lumina
672 3136 831 3218 flammas.
875 3135 947 3199 Hoc
978 3153 1111 3216 quoque
1142 3133 1215 3198 loco
1239 3135 1325 3214 eiua,
1362 3157 1464 3219 quern

206 3234 272 3299 iam
295 3233 427 3317 saepius
450 3237 715 3314 commemoravi,
739 3235 801 3300 Ioci
823 3256 937 3300 versus
958 3236 1082 3300 mentio
1105 3234 1255 3300 facienda
1269 3241 1328 3315 est,
1347 3239 1374 3301 V
1390 3244 1464 3322 572,

207 3336 265 3400 ubi
292 3336 443 3418 flammae
468 3355 549 3400 voce
576 3337 659 3400 vires
691 3335 802 3400 Labici
830 3336 917 3399 senis
945 3337 1101 3420 [stipulae
1127 3338 1253 3421 inanis]
1279 3337 1332 3402 hic
1354 3339 1464 3404 verbis

209 3435 447 3519 significantur:
472 3438 665 3523 Caerumque
687 3439 784 3502 dabat
805 3439 873 3500 sine
894 3438 1005 3502 robore
1021 3438 1196 3520 flammam.
1231 3438 1267 3502 In
1290 3439 1356 3503 vim
1369 3461 1464 3506 amo-

207 3537 251 3600 ris
284 3537 465 3601 translatae
490 3537 641 3619 flammae
669 3537 880 3602 inveniuntur
906 3538 950 3600 XI
984 3543 1063 3601 389:
1100 3538 1244 3623 Imperat
1266 3540 1326 3622 [sc.
1356 3541 1464 3606 Venus

207 3639 293 3702 natis
319 3639 405 3720 suis]
430 3644 458 3701 el
484 3639 597 3703 mellus
623 3641 658 3702 ln
679 3644 813 3722 pectora
839 3639 961 3702 mittere
980 3639 1148 3721 flammam·
1171 3639 1225 3722 [cl.
1249 3639 1331 3704 Aen.
1355 3641 1368 3704 I
1391 3647 1461 3706 673.

207 3737 248 3800 IV
271 3743 320 3803 23,
344 3744 393 3801 66.
417 3739 487 3802 VIII
510 3743 570 3801 398
594 3740 658 3823 sq]
1163 3805 1167 3811 ,
1311 3803 1313 3810 ,

289 3839 438 3904 Incendit
458 3839 658 3904 vocabulum
680 3839 797 3922 plurali
820 3859 957 3903 numero
980 3839 1164 3904 adhibitum
1186 3861 1246 3922 pro
1269 3841 1344 3905 belli
1376 3843 1461 3923 peri·

208 3939 289 4005 culis
317 3946 350 4005 et
380 3940 475 4004 malis
505 3939 650 4022 positum
679 3940 844 4004 iuvenitur
865 3941 893 4004 Il
916 3946 986 4006 358.
1009 3940 1081 4004 XVI
1106 3947 1175 4004 160.
1199 3942 1286 4005 XVII
1306 3949 1381 4015 227;
1406 3943 1460 4024 [cl.

206 4041 289 4105 Aen.
326 4041 338 4104 I
368 4045 429 4103 565
452 4041 536 4124 sq.]‚
564 4061 624 4124 pro
647 4042 820 4125 splendore
842 4042 886 4106 IX
909 4048 970 4105 448
994 4062 1058 4124 sq.,
1085 4041 1142 4105 ubi
1165 4042 1294 4123 legitur:
1319 4046 1461 4106 Aetnaea

210 4141 380 4226 Cyclopum
403 4163 533 4207 munere
552 4141 740 4224 fundentem
762 4144 894 4208 loricam
917 4143 1065 4206 iacendia
1086 4149 1195 4225 paslul.
1230 4142 1277 4205 De
1299 4143 1354 4206 sill
1366 4162 1461 4206 usur-

206 4246 323 4325 patum
359 4245 466 4306 exstat
487 4242 675 4306 incendium
707 4243 749 4306 VI
781 4250 839 4306 162
871 4263 935 4324 sq.:
967 4243 1061 4327 Isque
1083 4243 1137 4305 uli
1156 4242 1291 4324 feruenti
1314 4249 1461 4327 concepta

208 4343 358 4407 incendia
375 4351 475 4428 pastu
492 4345 619 4427 pnrpile
641 4345 796 4408 mulcebat
817 4344 935 4428 rupida
958 4351 985 4408 el
1007 4345 1229 4428 spumantibus
1252 4346 1354 4429 aquis.

296 4443 505 4529 Tempestale's
526 4462 607 4509 voce
630 4443 705 4508 belli
727 4444 869 4527 impetus
896 4444 947 4508 vel
976 4444 1086 4526 ipsum
1113 4444 1234 4508 bellum
1261 4444 1462 4524 significatur

207 4543 248 4606 III
272 4549 343 4622 206,
368 4544 407 4608 VI
431 4551 490 4608 557
514 4552 681 4630 tempestus
704 4551 798 4609 ancta
821 4545 970 4627 timenda,
993 4545 1064 4608 XVI
1089 4552 1147 4607 213
1177 4566 1224 4627 sq.
1252 4551 1373 4631 quanlu
1400 4565 1462 4629 per
