3182 4996
288 1509 426 1634 Tropos
449 1553 480 1616 et
503 1551 625 1632 figuras
646 1550 738 1633 apud
751 1548 898 1629 singulas
917 1552 1030 1629 gentes
1044 1545 1226 1611 secundum
1244 1545 1447 1626 singularum

195 1653 342 1732 linguam
373 1655 404 1716 et
432 1651 609 1734 eloquendi
642 1650 914 1716 consuetudinem
944 1669 1061 1732 genere
1090 1666 1295 1730 numeroque
1317 1647 1448 1710 diversa

197 1751 298 1815 inisse
321 1756 357 1816 ut
378 1751 472 1816 facile
506 1750 715 1834 intellegitur,
737 1751 783 1815 ita
805 1750 950 1814 indolem
971 1769 1084 1814 earum
1108 1753 1140 1812 et
1159 1747 1324 1829 cogitandi
1347 1745 1448 1810 ratio·

197 1871 272 1917 nem
290 1851 396 1936 tropis
410 1850 618 1934 potissimum
633 1855 665 1915 et
677 1851 790 1932 liguris
802 1851 944 1934 perspici
956 1871 1055 1933 posse
1070 1853 1102 1914 et
1115 1868 1275 1932 apparere
1290 1848 1344 1931 qui
1364 1867 1447 1930 pau-

197 1951 298 2016 lulum
321 1953 354 2016 in
377 1952 428 2016 his
450 1952 567 2017 studiis
594 1956 744 2017 versatus
774 1953 835 2016 erit
860 1951 951 2016 haud
977 1951 1120 2034 negabit.
1172 1941 1292 2028 Quam¹
1308 1949 1351 2014 ob
1378 1968 1446 2013 rem

196 2054 253 2136 qni
274 2053 404 2137 linguae
425 2051 562 2118 Latinae
593 2051 625 2117 in
654 2051 724 2117 dies
746 2053 852 2136 magis
879 2052 1129 2134 cognoscendae
1157 2041 1291 2133 operam
1314 2053 1447 2128 navant,

196 2155 275 2238 quin
299 2154 333 2217 in
355 2157 471 2234 tropos
494 2172 627 2236 quoque
650 2162 683 2220 et
706 2153 842 2235 figuras,
865 2153 976 2236 qualia
998 2153 1086 2235 opud
1109 2152 1256 2234 singrdos
1277 2152 1447 2216 Romano·

195 2275 269 2320 rum
291 2255 467 2337 scriptores
490 2257 634 2334 exstent,
665 2253 850 2319 accuratius
872 2253 1055 2337 inquirant,
1077 2254 1184 2318 facere
1201 2271 1269 2316 non
1283 2255 1447 2335 poterunt.

196 2355 328 2438 Tropos
351 2374 430 2419 vero
453 2355 485 2420 in
509 2354 708 2420 carminibus
731 2355 941 2436 potissimum
963 2353 1077 2437 lyricis
1094 2357 1126 2417 et
1148 2352 1297 2431 heroicis,
1321 2353 1354 2416 in
1372 2373 1447 2416 ora-

195 2455 341 2520 tionibus
363 2457 486 2539 figuras
509 2456 647 2522 inveniri
668 2455 729 2522 etsi
752 2459 900 2536 constat,
929 2460 1040 2522 tamen
1077 2454 1137 2520 has
1166 2474 1298 2538 quoque
1321 2454 1353 2518 in
1376 2475 1447 2520 car-

196 2556 358 2635 minibus,
394 2555 468 2622 illos
490 2556 523 2621 in
546 2557 751 2622 orationibus
779 2557 860 2622 satis
884 2557 985 2621 multa
1006 2559 1135 2620 exstare
1157 2559 1189 2619 et
1210 2554 1367 2638 exemplis
1390 2553 1447 2618 de-

196 2657 372 2722 monstrari
394 2661 505 2740 potest
527 2663 559 2723 et
580 2658 627 2722 rei
649 2658 753 2741 ipsius
776 2662 895 2723 natura
918 2657 1075 2735 eflicitur,
1111 2655 1198 2720 unde
1221 2656 1255 2719 in
1276 2656 1447 2738 utriusque

195 2757 322 2842 generis
350 2757 478 2841 scriptis
509 2761 666 2841 utrasque
690 2758 820 2823 dicendi
841 2759 964 2824 formas
987 2757 1083 2822 nobis
1106 2755 1350 2838 investigandas
1375 2776 1448 2821 esse

194 2864 343 2942 apparet.

278 2977 457 3060 Equidem,
488 2981 525 3041 ut
546 2996 654 3042 meam
677 2995 812 3058 quoque
835 2975 974 3058 stipem,
1004 2976 1296 3058 quantulacunque
1318 2980 1381 3051 est,
1414 2976 1447 3041 in

194 3079 423 3143 Romanorum
446 3075 606 3141 sermonis
629 3080 783 3140 naturam
805 3073 1070 3158 cognoscendam
1093 3076 1282 3154 conferrem,
1308 3079 1446 3160 quaein

195 3179 268 3244 Tib.
293 3178 361 3243 Silii
384 3176 485 3242 ltalici
509 3177 709 3241 Punicorum
733 3175 823 3240 libris
846 3180 985 3256 exstant,
1009 3180 1123 3258 tropos
1138 3181 1170 3241 et
1183 3177 1306 3259 figuras
1321 3179 1447 3260 collegi,

194 3300 280 3364 quae
307 3279 359 3344 his
389 3278 512 3344 chartis
542 3278 575 3342 in
604 3277 750 3342 medium
777 3277 964 3358 prolaturus
992 3297 1076 3341 sum.
1120 3277 1182 3341 Cui
1204 3279 1388 3360 quaestioni
1413 3285 1448 3344 ut

194 3400 331 3463 operam
353 3379 482 3458 darem,
504 3382 537 3444 et
559 3398 611 3458 ea,
635 3398 737 3460 quarn
759 3377 859 3442 modo
882 3378 965 3456 dixi,
988 3397 1089 3443 causa
1112 3383 1298 3444 commotus
1320 3401 1393 3444 sum
1417 3385 1448 3444 et

194 3480 245 3544 his
268 3480 348 3545 aliis.
392 3479 604 3562 Quamquam
629 3479 716 3543 enim
742 3482 933 3561 argenteae,
964 3498 1066 3561 quam
1098 3484 1235 3558 vocant,
1266 3481 1446 3545 litterarum

193 3580 386 3646 Latinarum
408 3579 536 3659 aetatis,
559 3579 617 3663 qui
632 3580 779 3645 carmina
795 3578 927 3645 heroica
944 3579 1219 3663 conscripserunt,
1241 3586 1357 3662 poetas
1372 3601 1447 3644 cum

194 3684 228 3748 in
259 3682 358 3749 rebus
384 3682 564 3749 tractandis
586 3685 658 3747 tum
679 3681 714 3745 in
737 3678 867 3744 dicendi
889 3698 1006 3760 genere
1027 3679 1164 3744 Homeri
1186 3685 1218 3744 et
1240 3681 1369 3762 Vergilii
1391 3701 1447 3746 ve-

194 3783 291 3865 stigia
314 3783 394 3850 satis
417 3787 487 3849 arte
508 3781 669 3866 pressisse
691 3783 821 3845 constat
834 3779 870 3862 1),
893 3783 1004 3846 tamen
1028 3783 1191 3862 quatenus
1214 3782 1353 3864 quisque
1375 3783 1447 3846 illos

195 3889 347 3970 auctores
370 3890 501 3950 secutus
524 3883 567 3948 sit
588 3883 754 3966 ducesque
776 3881 942 3961 babuerit,
970 3881 1078 3946 minus
1101 3881 1209 3947 adhuc
1232 3886 1343 3947 notum
1368 3889 1447 3948 erat.

194 3985 383 4050 Novissima
430 3984 562 4067 quidem
600 3987 749 4067 tempore
778 3981 945 4046 Antonius
976 3981 1194 4064 zingerliuse)
1237 3982 1347 4047 Ovidii
1380 3982 1447 4046 elo-

195 4087 318 4170 quendi
340 4084 612 4151 consuetudinem
636 4089 668 4149 et
689 4080 848 4164 imprimis
871 4081 924 4146 ille
950 4081 1083 4164 quidem
1102 4082 1171 4146 eius
1190 4102 1342 4146 versuum
1359 4083 1447 4147 clau·

196 4187 286 4252 sulas
328 4204 403 4251 cum
439 4184 632 4266 posterioris
659 4183 777 4250 aetatis
813 4185 988 4264 poetarum
1019 4182 1174 4262 contulit,
1210 4181 1269 4246 sed
1295 4182 1372 4246 inde
1403 4183 1448 4249 ad

264 4439 283 4505 ¹)
301 4435 341 4490 Cl.
360 4435 467 4488 Oscor
484 4433 603 4488 Haube
623 4434 682 4500 ,die
699 4451 768 4504 spen
786 4434 833 4487 des
845 4431 986 4487 silbcrnen
998 4431 1134 4487 zeitalters
1144 4431 1193 4485 der
1206 4438 1274 4488 rom.
1287 4433 1449 4493 litteratur⁸⁴=

196 4521 252 4575 let
268 4520 293 4574 ll
311 4535 401 4589 progr.
419 4517 565 4573 Fraustedt
584 4520 649 4574 1886
665 4523 693 4572 et
711 4517 785 4572 1887.

263 4603 283 4667 ²)
303 4603 358 4670 ,Zu
375 4605 519 4673 spaetsren
536 4601 629 4656 latoin.
648 4601 800 4656 dicbtew.
834 4599 990 4654 Innsbrnck
1007 4599 1148 4658 1813-79.
