3182 4996
705 268 809 366 ii

145 427 192 496 'XI
217 437 286 496 157.
310 433 367 500 XV
390 440 462 500 412.
487 441 557 500 655.
602 436 761 504 Conleras
781 440 881 504 ‘velim
902 440 1079 505 43311111
1107 444 1168 504 518
1194 459 1233 522 sq
1267 431 1404 523 [robora

148 533 246 615 pubis
275 533 374 619 lecta]
411 539 443 600 31
471 536 554 602 Puu.
582 538 627 602 IX
651 544 710 602 106
732 541 860 607 rectoris
882 541 1018 606 iuuenile
1039 543 1137 606 robur
1158 541 1178 606 1.
1202 539 1403 606 3131331113

147 635 280 702 11313113
311 636 396 701 vires
432 639 465 702 et
495 637 540 702 XI
567 643 626 701 157
658 659 722 704 uam
749 642 901 706 inuictum
923 641 1062 726 peuedut
1078 643 1205 726 pectore
1225 643 1324 707 robur
1347 641 1402 726 [31.

147 737 227 802 Ηο1.
250 757 349 804 carm.
371 737 395 803 Ι.
418 744 447 802 3.
470 745 488 802 9
512 739 577 824 33]

190 837 231 903 IV
254 844 314 902 648
337 858 386 921 33.
410 841 560 904 attonitas
581 847 706 906 tumeas
726 843 789 908 tela
810 850 914 908 temere
935 843 1033 908 Silius
1055 843 1133 909 dicit
1155 843 1225 908 vice
1256 845 1404 908 attomtas

147 939 273 1004 milites.
317 940 460 1006 Coronae
482 959 563 1005 voce
585 941 627 1008 ad
650 941 789 1008 densam
811 943 970 1008 exercitus
992 943 1237 1009 multitudinem
1260 954 1404 1009 coronae

148 1041 252 1106 instar
282 1039 535 1122 significandam
568 1061 648 1106 usus
680 1047 728 1107 est
753 1043 781 1105 V
804 1049 865 1108 200
882 1067 945 1130 per
964 1045 1057 1109 colles
1083 1045 1186 1128 Tyria
1208 1044 1403 1126 circumfum-

148 1143 241 1208 deute
270 1164 388 1207 corsua
419 1146 452 1206 et
481 1143 555 1208 XIII
579 1147 649 1206 140.
694 1143 741 1208 Cf.
764 1144 846 1210 Aeu.
868 1144 912 1208 IX
935 1149 995 1208 508
1018 1164 1058 1226 sq
1082 1145 1222 1228 [corona
1244 1165 1311 1209 non
1333 1149 1403 1209 tam

123 1245 257 1328 spissa
286 1244 378 1329 viris]
403 1245 453 1312 IX
480 1249 551 1310 551.
578 1246 608 1310 X
637 1251 706 1310 122.
733 1246 778 1310 XI
805 1250 875 1312 475,
905 1245 965 1310 XII
994 1251 1063 1310 744.
1108 1244 1212 1310 Simili
1240 1244 1403 1308 sententia

148 1344 348 1410 vocabulum
373 1346 467 1411 cumei
494 1345 572 1410 satis
596 1346 762 1427 eleganter
783 1346 874 1428 apud
896 1345 1013 1410 Silium
1036 1349 1233 1428 usurpatum
1256 1346 1402 1417 invenies
1455 1425 1472 1437 A*
1580 1335 1581 1338 '

148 1447 176 1510 V
198 1453 260 1510 380
280 1465 331 1532 sq.
355 1445 574 1530 [trepidantes
596 1446 721 1511 invadit
743 1446 881 1530 cuncos]
906 1446 950 1510 IX
973 1452 1043 1511 238.
1067 1451 1138 1510 364.
1161 1445 1234 1510 XIV
1256 1450 1327 1510 539.
1345 1446 1402 1509 XV

97 1571 98 1576 ¹
150 1553 221 1612 668.
246 1553 314 1616 716.
337 1546 532 1628 quibuscum
556 1546 636 1611 locis
659 1547 807 1612 33313133
829 1547 910 1614 Aen.
932 1548 1073 1612 1111457
1096 1552 1220 1614 31575.

234 1650 246 1712 Ι
270 1654 339 1712 ,349
357 1647 476 1732 Ι313133
501 1655 705 1732 pupueutum
732 1666 851 1734 aggere
879 1650 951 1715 urbi
975 1649 1117 1732 desuper
1138 1649 1309 1732 impositos
1332 1667 1403 1712 esse

150 1751 248 1815 Silius
283 1751 409 1828 narrat,
443 1769 509 1832 qua
540 1748 654 1814 eadem
684 1749 714 1812 ri
742 1770 855 1814 vocem
880 1751 965 1836 plebi
992 1755 1188 1833 usurpatam
1217 1749 1361 1814 invenies
1389 1749 1402 1812 l

148 1851 296 1923 43311
333 1857 381 1914 13.
409 1856 479 1916 s11.
508 1856 579 1914 461.
607 1855 678 1915 519.
704 1852 732 1913 v
754 1856 825 1916 333.
849 1852 905 1916 vu
929 1858 997 1916 133.
1021 1853 1051 1916 x
1075 1837 1211 1915 13le
1234 1851 1401 1914 33311111

149 1960 220 2018 493.
255 1953 313 2018 XV
341 1957 412 2017 370.
435 1951 523 2017 XVII
546 1955 607 2016 425
625 1955 662 2016 31
684 1951 773 2033 apud
798 1953 974 2035 Vergilium
996 1953 1029 2017 in
1051 1953 1134 2018 Aen.
1156 1953 1203 2017 IX
1227 1959 1304 2030 409,
1326 1971 1399 2016 cunr

149 2047 248 2121 Silius
269 2054 311 2117 Vl
335 2059 394 2116 336
408 2053 520 2118 mutem
531 2053 669 2120 densam
688 2053 857 2118 Laconum
872 2053 915 2118 ad
928 2048 1053 2136 proelia
1065 2049 1283 2118 circumfundi
1303 2053 1402 2131 dicat,

149 2175 294 2239 quocum
316 2155 390 2218 loco
412 2154 562 2220 33313133
584 2154 667 2220 Ρ33.
691 2152 745 2216 Vlt
768 2158 818 2231 84,
841 2152 901 2216 Xll
924 2159 983 2216 168
1006 2153 1308 2217 314331111705.

233 2255 406 2336 Eleganter
427 2254 525 2320 Silius
538 2253 607 2318 ¹Xll
632 2258 690 2318 185
713 2261 838 2318 turmas
860 2255 991 2339 inopima
1010 2254 1144 2336 flumine
1165 2258 1296 2318 ruentes
1325 2254 1402 2318 13311

148 2363 181 2420 31
211 2356 270 2420 XII
298 2360 356 2418 189
385 2375 425 2437 33
451 2356 603 2420 torrentis
627 2353 834 2418 vocabulum·
854 2353 887 2418 in
909 2355 1042 2419 turbam
1068 2353 1214 2418 virorum
1236 2355 1400 2434 transfert,

149 2477 222 2522 curn
247 2455 429 2521 dicisum
451 2462 597 2538 torreute,
619 2455 728 2539 Libys,
750 2455 815 2519 eise
838 2475 1064 2542 armorumque
1080 2458 1246 2542 uirumque
1263 2457 1401 2520 deiectus

149 2579 281 2644 sperare
301 2558 394 2638 33131,
410 2575 560 2639 3333333
573 2557 647 2622 1333
669 2556 819 2620 33313133
833 2555 907 2620 Xlll
930 2561 991 2619 760
1006 2558 1195 2621 3131133333
1211 2557 1272 2620 lue
1293 2558 1402 2641 agitur

149 2667 274 2724 terreus
295 2662 327 2722 et
349 2658 398 2722 IV.
414 2662 473 2720 158
495 2678 534 2740 33
556 2658 739 2742 spissaeque
767 2665 866 2722 suuut
887 2657 1029 2740 couferta
1046 2680 1109 2742 per
1131 2681 1225 2723 arma
1249 2659 1401 2740 „uudue‘

150 2762 313 2826 Boiorum.
363 2758 509 2824 Similem
540 2775 659 2821 vocum
686 2757 826 2822 turbinis
853 2764 884 2824 31
919 2760 1110 2844 tempestatis
1152 2760 1399 2826 translationem

149 2859 542 2943 13333133111162633,
576 2857 633 2922 ubi
664 2859 745 2924 11333
772 2863 916 2925 exstant:
952 2861 1030 2926 ituit
1056 2879 1130 2924 acer
1158 2862 1279 2944 apertis
1311 2862 1400 2925 turbo

151 2965 286 3050 equitum
305 2963 413 3046 portis
434 2967 529 3048 utque
550 2961 652 3025 amuis
671 2958 781 3042 ferrea
804 2960 866 3024 late
889 2967 1057 3046 tempestas
1076 2963 1177 3045 operit
1199 2982 1336 3046 campos.

235 3063 393 3128 11111251
429 3061 532 3126 Varro
563 3079 699 3142 operam
726 3059 856 3124 dedisse
878 3059 1013 3139 dicitur,
1050 3064 1086 3124 ut
1107 3060 1190 3124 13131
1210 3067 1400 3126 momentum

147 3185 264 3230 rerum.
309 3162 338 3228 X
361 3168 421 3225 288
444 3160 578 3226 Paullus
601 3160 642 3224 de
664 3160 776 3225 anima
797 3179 858 3225 sua
880 3164 924 3224 ut
939 3161 980 3224 de
1001 3163 1141 3246 imapiue
1161 3161 1307 3244 loquitur
1324 3180 1399 3225 cum

148 3265 239 3329 dicit:
275 3263 339 3328 Nec
369 3281 478 3326 moues
504 3270 569 3325 tam
588 3281 696 3344 parua
717 3263 877 3326 intramus
899 3265 1017 3346 imapo,
1058 3281 1201 3344 quocum
1222 3263 1300 3350 loco
1320 3282 1399 3326 con-

149 3366 234 3430 feras
264 3362 337 3428 Xlll
365 3367 426 3424 444
454 3361 532 3426 dum
553 3368 658 3426 castae
675 3361 832 3446 procedat
852 3365 957 3447 imago
979 3361 1128 3447 Sibyllae.
1172 3365 1357 3429 Simulacru
1378 3363 1398 3428 1.

148 3487 176 3530 3.
198 3483 315 3532 manes
339 3463 479 3528 virorum
503 3461 680 3526 succedere
702 3461 854 3527 dicuntur
875 3462 948 3526 Xlll
971 3469 1033 3527 650
1054 3463 1247 3528 etsimiliter
1260 3463 1399 3546 legimus

148 3565 235 3631 XVII
258 3571 333 3630 547:
362 3562 443 3626 Tum
463 3563 570 3646 fallam
591 3562 693 3627 subito
712 3565 920 3628 simulacrum
941 3565 976 3628 iu
998 3564 1108 3644 mutila
1130 3567 1222 3629 cessit
1236 3565 1254 3630 i.
1269 3585 1296 3629 3.
1312 3565 1401 3630 1333

142 3667 225 3756 1133,
256 3685 332 3730 cum
358 3662 430 3727 Xlll
459 3657 517 3724 779
540 3661 639 3726 Silius
662 3662 796 3727 Homeri
816 3663 965 3736 animam
989 3661 1125 3749 effipiam
1147 3671 1266 3729 castum
1300 3685 1399 3750 voca·

148 3768 241 3845 verit,
263 3785 407 3849 quocum
431 3765 503 3828 loco
526 3764 678 3828 33313133
700 3763 774 3827 XIII
797 3768 866 3826 799.
889 3763 947 3826 XV
971 3770 1040 3829 181.
1063 3763 1150 3828 XVII
1173 3769 1244 3829 524.

232 3867 367 3930 13331113
383 3864 567 3929 ⁴translatio
593 3868 700 3928 exstat
725 3863 769 3927 XI
798 3870 874 3944 412,
912 3865 969 3930 ubi
997 3866 1157 3931 exercitus
1179 3867 1314 3932 Veneris
1338 3868 1398 3951 [33.

148 3968 302 4052 Amores]
333 3966 549 4049 flammiferae
573 3985 702 4051 prauae
731 3970 901 4030 vocantur.
944 3967 1058 4050 Neque
1095 3966 1182 4032 euim
1220 3967 1283 4032 hoc
1315 3968 1399 4045 1333,

148 4071 180 4134 id
199 4068 287 4152 quod
310 4065 488 4150 Rupertius
510 4064 584 4131 libri
605 4065 633 4128 V
654 4084 751 4129 versu
775 4072 812 4129 19
836 4065 927 4130 31333
950 4069 1054 4148 putat,
1077 4066 1134 4132 ubi
1156 4067 1263 4134 Idalia
1284 4069 1400 4152 sapittu

148 4187 242 4236 amor
264 4167 430 4250 nymphae
452 4165 672 4248 intellegenda
694 4169 753 4244 331,
776 4164 817 4228 de
839 4165 967 4247 sagittis
989 4167 1149 4232 exercitus
1160 4167 1293 4233 Veneris
1310 4167 1399 4250 cogi·

148 4269 286 4340 tandum
314 4270 373 4330 est.
406 4266 505 4343 ,Nam
530 4267 566 4330 ¹si
596 4265 746 4348 Rupertii
774 4265 886 4348 opinio
915 4271 1038 4347 staret,
1068 4288 1183 4333 versus
1210 4269 1399 4352 insequens,

148 4389 214 4454 quo
238 4371 373 4448 pectora
395 4367 492 4448 pubis
505 4367 669 4432 1113133133
690 4366 763 4430 telis
782 4364 825 4430 ab
839 4365 1018 4432 Amoribus
1028 4369 1110 4433 tusis
1124 4370 1245 4452 pariter
1254 4369 1398 4450 tepuisse

148 4471 312 4545 dicuntur,
335 4467 432 4532 nimis
455 4467 640 4546 langueret.-

232 4567 301 4634 Xili
333 4573 392 4632 629
424 4567 549 4652 Jupiter·
575 4567 751 4631 aethereum
778 4567 905 4652 paudus
932 4573 1077 4634 vocatur.
1126 4567 1183 4648 XV
1214 4574 1252 4630 57
1288 4589 1325 4652 33
1357 4569 1398 4634 (13
