3182 4996
824 247 863 304 54

216 407 357 494 inopius
392 407 436 474 lx
472 414 542 474 522.
573 410 645 474 xlv
670 415 741 486 214,
765 411 819 494 [cf.
842 413 924 476 Aen.
948 409 1007 474 1111
1030 409 1127 493 103.],
1151 425 1316 474 murmuro
1337 401 1379 470 111
1402 402 1469 468 305.
1553 383 1554 424 ¹

217 515 289 574 465.
331 515 401 573 698.
439 509 466 571 V
499 517 548 574 12.
576 506 1470 574 71284.711255112451111629.6851111170.

217 610 289 674 XIV
325 617 395 675 374.
432 609 491 674 XV
525 617 596 690 470,
621 612 675 696 [cf.
699 614 782 676 Aen.
806 611 846 675 IV
870 612 967 694 210.],
990 611 1117 675 balatus
1139 610 1180 674 VI
1203 614 1274 687 331,
1312 607 1367 690 [cl.
1390 608 1471 670 Aen.

216 711 260 777 IX
283 712 381 795 565.]‚
404 713 543 776 tonitrus
564 711 652 776 XVII
675 715 745 776 325.

348 881 374 956 ζ.
419 879 604 962 Exempla
631 881 812 964 pluralia,
842 880 906 962 qui
933 884 1110 958 vocatur,
1140 876 1347 962 generalis.
1448 957 1449 960 Ἴ

299 1013 466 1078 Generalis
475 1014 602 1078 exsistit
612 1013 758 1097 pluralis
766 1034 841 1078 cum
849 1011 1473 1096 compluriumeiusdcmgenerisrerum

215 1113 265 1177 vel
302 1134 534 1199 personarum,
579 1134 664 1198 quae
700 1119 1017 1194 commemorantur,
1057 1133 1125 1178 una
1159 1111 1378 1195 intellegenda
1414 1116 1472 1175 est.

215 1216 330 1281 Exstat
352 1217 404 1281 hic
427 1235 583 1282 numerus
605 1215 741 1300 pluralis
764 1217 797 1280 in
820 1217 968 1281 Punicis:

299 1317 312 1381 Ι
336 1323 375 1380 18
398 1337 457 1398 sq„
480 1317 537 1380 ubi
559 1317 687 1398 legitur:
712 1317 754 1380 Et
776 1317 931 1380 nonduin
954 1316 1118 1401 nepotibus
1139 1335 1233 1378 arene
1251 1313 1309 1398 fos
1344 1316 1473 1398 aperire

217 1419 295 1481 mitri
317 1438 513 1504 superosque
534 1417 696 1482 recludere
719 1425 837 1482 ruentes
859 1418 878 1482 i.
902 1438 929 1482 e.
952 1425 1085 1482 mentem
1107 1417 1258 1498 Junonis,
1281 1414 1356 1478 XIII
1380 1422 1397 1478 7
1423 1436 1471 1497 sq,

216 1519 308 1582 ruodo
345 1521 434 1583 iussu
467 1519 660 1601 ,‚ebe0rurn“,
696 1541 780 1583 nunc
806 1541 871 1584 sese
892 1521 1063 1604 increpitat
1084 1520 1103 1583 i.
1127 1538 1154 1582 e.
1177 1517 1267 1581 iussa
1288 1518 1394 1598 Jovis,
1431 1517 1470 1579 III

219 1625 277 1682 187
313 1639 362 1702 sq.
404 1622 586 1706 inpeniique
618 1628 701 1685 rneiu
735 1620 888 1703 „elirurn-“
924 1621 1135 1706 ‚,proecepiu“
1159 1619 1292 1703 punenii
1319 1617 1473 1700 efflueret-r

215 1723 284 1785 uiro
298 1721 316 1784 i.
332 1741 359 1785 a.
377 1728 586 1805 praeceptum
609 1722 708 1802 loris,
729 1741 770 1784 ne
792 1721 895 1784 oculis
918 1721 1105 1802 respicerct3
1129 1720 1170 1783 VI
1192 1724 1253 1781 242
1272 1738 1321 1801 sq.
1340 1717 1472 1799 legitur:

217 1823 403 1906 Serpentiue
435 1821 521 1884 Italo
549 1820 649 1904 pubes
688 1821 792 1904 Terpo
819 1821 935 1886 dumus
964 1822 1153 1906 Libycisque
1181 1841 1295 1904 parem
1319 1840 1382 1882 non
1408 1841 1473 1882 esse

214 1923 357 2005 fatemur
379 1921 548 2006 Aupuibus
571 1921 765 2003 Ausonium,
787 1923 844 1985 ubi
867 1944 987 2007 unpues
1008 1921 1220 1985 inveniuntur
1241 1939 1302 2001 pro
1325 1938 1392 1982 uno
1418 1919 1471 1982 illo

215 2043 332 2104 angue,
356 2022 396 2085 de
420 2041 485 2104 quo
509 2021 585 2084 inde
608 2042 628 2086 a
649 2041 747 2086 versu
772 2029 832 2087 140
854 2043 962 2087 sermo
986 2027 1044 2087 est.

301 2125 401 2208 Repes
422 2143 482 2206 pro
506 2145 577 2203 repe
599 2123 737 2204 legimus
760 2125 790 2188 X
812 2130 874 2188 485
897 2145 945 2207 sq.
969 2125 1020 2188 his
1042 2123 1164 2188 verbis:
1198 2124 1262 2188 Ille
1290 2123 1471 2206 [Porsena]

216 2247 274 2310 ope
295 2225 447 2289 Maeonia
471 2231 498 2287 el
515 2225 636 2308 populo
658 2226 838 2289 subcinctus
860 2227 996 2291 Etrusco
1018 2225 1158 2290 certabet
1173 2224 1287 2309 pulsos
1304 2244 1366 2308 per
1387 2222 1472 2286 bellu

214 2345 365 2410 reponere
387 2345 475 2408 repes
497 2324 515 2386 i.
539 2344 566 2387 e.
591 2325 810 2407 Tarquinium
826 2327 1021 2408 Suqerbum,
1046 2345 1190 2409 quocum
1204 2343 1301 2388 versu
1316 2323 1471 2387 conseras

220 2426 316 2490 velim
339 2426 411 2489 XVI
435 2430 505 2488 283.

302 2527 397 2590 Unus
421 2525 621 2608 Tarquinius
645 2528 815 2608 Superbus
839 2529 977 2612 Superbi
998 2532 1135 2594 vocatus
1159 2531 1207 2592 est
1230 2525 1301 2590 VIII
1323 2531 1384 2587 478
1408 2546 1470 2607 sq„

215 2628 271 2691 ubi
295 2627 376 2692 haec
400 2632 545 2691 exstant:
570 2627 709 2692 Jubebus
732 2679 738 2692 .
764 2678 770 2690 .
795 2629 935 2712 ,pulsor
956 2630 1076 2695 Rornae
1098 2631 1285 2713 imperitare
1297 2627 1469 2712 Superbos.

298 2729 409 2792 Unum
431 2728 614 2792 Palladium
639 2729 734 2792 Silius
754 2735 887 2813 penates
909 2729 1086 2813 appellavit
1113 2728 1187 2792 XIII
1213 2733 1267 2806 53,
1304 2745 1370 2809 quo
1393 2727 1469 2793 loco

215 2831 294 2894 haec
317 2829 482 2910 leguntur:
506 2829 691 2894 aetnaeos
713 2835 815 2913 parui
838 2851 970 2895 enorure
986 2837 1129 2916 penates,

298 2931 419 2996 Furiae
453 2951 513 3012 pro
547 2930 641 3013 furio
677 2935 854 3013 usurpatae
889 2931 1098 2997 Inveniuntur
1124 2931 1168 2994 IX
1195 2934 1270 3008 563,
1307 2929 1363 2993 ubi
1385 2930 1469 2994 hacc

214 3032 337 3115 scripta
359 3036 449 3095 sunt:
473 3035 638 3114 Qrenenorn
660 3032 791 3111 Furiae,
816 3033 922 3118 periore
945 3034 1005 3115 epit
1025 3034 1060 3097 in
1078 3031 1216 3095 bostnn?

299 3135 455 3196 Armenta
487 3133 590 3195 boves
624 3132 781 3213 Geryonis
816 3133 829 3194 l
862 3138 923 3195 284
951 3132 1167 3214 intellegenda
1189 3135 1266 3194 sunt
1288 3134 1321 3194 et
1342 3130 1381 3194 IV
1405 3135 1468 3196 523

213 3233 241 3296 ei
263 3233 375 3310 boves
399 3251 541 3314 quorum
564 3231 719 3296 cornibus
742 3233 889 3297 ardentia
911 3233 999 3315 ligna
1025 3231 1171 3296 interseri
1203 3231 1368 3296 Hannibal
1399 3231 1469 3294 ius·

213 3336 307 3398 serat.
341 3332 501 3414 'Denique
524 3333 560 3396 D.
585 3332 700 3396 Junius
723 3333 843 3397 Brutus
866 3334 981 3398 consui
1004 3334 1103 3398 Bruti
1124 3331 1168 3396 XI
1201 3337 1240 3394 95
1271 3332 1323 3395 his
1358 3332 1468 3396 verbis

213 3433 399 3516 appellatus
422 3437 487 3498 est:
512 3437 559 3497 rte
580 3437 697 3497 nostris
720 3443 835 3519 aequet
856 3437 922 3498 inm
939 3454 1095 3518 purpura
1117 3434 1238 3498 Brutia

260 3627 288 3688 r„
333 3602 527 3665 Numerus
551 3601 715 3682 pluralis
738 3623 807 3686 pro
831 3602 1021 3684 singulari
1043 3602 1081 3665 in
1102 3601 1311 3665 vocabulis
1333 3601 1420 3665 loca

555 3703 876 3783 significantibus
900 3707 1119 3787 usurpatus.

294 3835 506 3900 Inveniuntur
528 3837 561 3900 in
583 3837 715 3901 Punicis

296 3944 400 4000 berrue
432 3936 444 3998 I
475 3944 523 4000 21.
557 3943 605 4000 89.
635 3943 705 4001 287.
738 3943 808 4002 556.
846 3940 873 4002 II
897 3945 966 4002 697.
991 3940 1033 4002 III
1056 3945 1105 4004 47.
1130 3944 1179 4003 54.
1203 3944 1273 4002 210.
1298 3943 1367 4001 536.
1394 3943 1463 4000 712.

210 4037 250 4099 IV
274 4042 344 4101 608.
368 4037 394 4098 V
420 4045 467 4100 11.
492 4043 540 4100 58.
566 4045 613 4101 70.
638 4042 708 4101 566.
732 4039 773 4102 VI
798 4043 866 4102 150.
891 4045 960 4103 503.
983 4039 1040 4102 VII
1063 4045 1112 4104 84.
1137 4046 1206 4104 212.
1231 4045 1300 4102 277.
1325 4038 1369 4102 IX
1391 4045 1462 4101 475.

209 4141 280 4200 485.
313 4143 382 4200 529.
414 4137 443 4200 Χ
466 4143 536 4201 424.
561 4145 621 4200 442
640 4140 674 4221 ¹).
698 4139 742 4202 XI
765 4145 835 4203 483.
860 4145 929 4202 609.
953 4141 1011 4203 XII
1034 4145 1083 4204 90.
1107 4147 1177 4204 343.
1201 4145 1271 4204 356.
1296 4139 1368 4204 XIII
1391 4146 1461 4200 510.

209 4237 282 4300 xlv
319 4243 366 4300 ro.
398 4242 446 4299 sn.
481 4243 551 4300 ua
586 4245 655 4302 aas.
680 4241 751 4304 xvi
775 4247 844 4304 aro.
869 4241 954 4304 xvn
979 4249 1047 4306 144.
1072 4247 1142 4305 ars.
1166 4247 1235 4304 437.
1260 4247 1335 4319 cor,
1366 4241 1461 4304 euno

279 4475 296 4541 ¹)
316 4473 449 4540 Georgius
467 4471 548 4525 Thilo
567 4472 665 4541 [symb.
684 4475 749 4542 phil.
777 4476 865 4529 Bnnn.
892 4493 917 4544 p.
935 4477 984 4530 699
1003 4475 1046 4544 sq]
1070 4478 1123 4530 hoc
1148 4476 1208 4528 Ioco
1239 4493 1270 4539 „e
1295 4481 1366 4528 terra
1392 4475 1458 4527 hac*

208 4556 382 4611 scribendum
401 4572 460 4609 esse
478 4563 569 4609 censet
588 4556 636 4622 [sc.
656 4559 888 4625 nullosg1·essus]‚
908 4560 934 4612 id
953 4562 1025 4627 quod
1044 4560 1136 4613 nescio
1155 4576 1190 4613 an
1209 4577 1304 4613 verum
1322 4559 1364 4612 sit.
