3112 5000
678 294 873 384 ,Au-m

146 449 204 520 snb
225 457 335 521 sidera
358 457 430 519 nisu
454 454 601 540 Eniqeret
624 457 757 537 discunt,
781 456 883 520 iaculo
906 476 960 518 seu
985 455 1095 519 nubila
1117 477 1219 540 supro
1242 455 1402 540 Suryeret,

146 558 205 621 XV
229 563 304 621 388:
329 559 480 622 Protinus
503 559 678 622 eastruitur
699 558 844 641 caeloque
865 555 1057 641 producitur
1079 578 1149 636 ara,
1172 557 1241 620 XVl
1264 561 1324 618 325
1347 576 1399 638 sq:

146 659 267 722 rullus
295 658 452 721 llarenoso
480 679 612 739 sternens
644 658 754 721 tellure
784 657 840 721 snb
871 677 971 719 aceras
998 657 1147 740 Eriqitur
1173 657 1283 738 olobus
1305 663 1399 742 atque

145 759 249 842 operit
270 759 406 840 caliqine
428 757 527 820 derisa
551 757 826 842 Oct-nenedurnque
850 759 916 822 rias
940 757 1192 840 oclrirmrnrnque
1214 756 1344 820 labores.

232 865 259 921 9.
295 859 414 922 Multas
443 879 494 921 res
526 858 622 922 Silius
658 863 789 923 centurn
818 858 867 920 vel
890 858 977 922 mille
1000 877 1084 934 esse,
1115 857 1148 920 id
1171 857 1262 938 quod
1285 877 1345 920 nos
1369 860 1400 920 et

145 958 208 1039 ipsi
229 960 334 1024 iacere
357 960 509 1034 solentne,
532 959 582 1022 his
605 959 684 1024 locis
709 959 889 1023 simulavit:

231 1059 270 1122 lX
295 1065 368 1122 205:
393 1059 485 1122 Rura
509 1112 513 1120 .
538 1109 544 1122 .
569 1110 574 1122 .
599 1065 721 1123 centurn
745 1061 854 1124 Cereri
873 1059 1083 1140 fructicantia
1098 1060 1221 1140 culinis,
1244 1059 1307 1123 Xlll
1325 1065 1398 1124 150:

146 1160 189 1223 Et
211 1161 324 1224 rnerita
348 1160 431 1223 irlille
454 1162 535 1223 inter
552 1161 678 1243 proelia
699 1159 792 1242 sarna
802 1210 811 1240 ,
848 1160 910 1223 Xlll
943 1165 1019 1223 593:
1055 1159 1142 1223 Duru
1167 1159 1283 1240 fractis
1314 1160 1400 1224 rnilel

144 1263 265 1325 cateruis
284 1261 502 1343 3333333333,Ι
520 1261 607 1324 addo
630 1261 698 1324 XVl
715 1267 771 1323 171
797 1281 849 1342 sq:
874 1263 943 1342 Quo
959 1262 1032 1324 iura
1042 1260 1191 1343 petebant
1206 1261 1398 1325 Innumerae

141 1369 258 1446 nentes.

233 1468 280 1526 10.
304 1461 452 1544 Denique
475 1463 536 1526 hos
557 1463 647 1527 locos
670 1463 832 1544 adiungo:

225 1563 234 1625 l
266 1567 326 1625 303
356 1582 408 1644 sq:
443 1563 531 1628 Soita
555 1569 690 1646 patrum
723 1572 750 1628 ot
779 1565 859 1648 leqes
882 1570 909 1629 et
931 1567 1008 1627 iura
1027 1563 1184 1650 fidemque
1202 1564 1336 1649 deosque
1359 1565 1398 1628 In

145 1665 259 1728 deutra
283 1684 367 1727 nunc
391 1686 454 1728 esse
478 1684 538 1727 suo
562 1663 744 1747 [Hannibal
767 1664 994 1748 gloriabatur],
1024 1663 1063 1727 lV
1087 1669 1148 1726 324
1171 1683 1224 1746 sq:
1262 1663 1400 1728 Aduolat

146 1771 263 1828 aurato
279 1764 492 1848 praefulqens
513 1766 633 1828 inurice
655 1765 768 1828 ductor
790 1765 953 1842 Sidonius,
976 1766 1122 1851 circaque
1145 1765 1248 1829 illotus
1267 1765 1398 1828 Terror-

144 1887 204 1950 que
229 1865 406 1950 Furorque,
430 1865 455 1927 V
480 1871 540 1928 398
563 1885 615 1946 sq:
644 1865 736 1929 Dant
754 1867 905 1949 cerniturn
927 1866 1050 1951 scopuli
1067 1866 1253 1952 fractasque
1280 1869 1315 1930 in
1345 1887 1399 1928 ru·

141 1965 248 2049 pibus,
270 1967 375 2030 undas
411 1967 515 2030 Audit
554 1966 717 2030 Tartessos
750 1967 824 2029 latis
852 1966 1042 2030 distermina
1065 1967 1177 2048 terris,
1213 1966 1315 2030 Audit
1337 1987 1400 2030 non

142 2089 244 2150 parvo
265 2067 388 2132 diuisus
406 2069 531 2151 anqite
553 2065 666 2130 Linus.
1311 2116 1312 2120 ,

230 2175 278 2234 11.
302 2169 491 2250 Sequuntur
513 2168 638 2251 aliquot
661 2167 825 2248 exempla
862 2168 982 2249 quibus
1006 2167 1103 2232 Silius
1135 2169 1266 2250 ingenio
1301 2169 1397 2234 nimis

143 2271 291 2335 indulsit:

227 2371 268 2436 lX
291 2377 351 2434 326
375 2391 427 2452 sq:
453 2370 642 2455 Coelurnqne
665 2375 694 2434 et
714 2370 824 2434 sidera
840 2370 987 2455 pendens
1009 2370 1148 2436 Abstulit
1179 2373 1309 2456 incestis
1336 2391 1399 2436 non

143 2474 243 2536 derisa
278 2471 334 2535 sub
359 2471 489 2536 aethera
511 2471 580 2534 telis
585 2521 594 2552 ,
629 2471 671 2534 lx
700 2475 761 2532 445
785 2491 838 2553 sq:
876 2473 1070 2557 Summaque
1091 2474 1126 2535 in
1147 2473 1271 2537 casside
1288 2475 1398 2556 larque

149 2573 311 2644 Undontes
332 2573 426 2636 ooloit
444 2572 595 2654 flammas
617 2572 662 2636 ad
684 2573 794 2636 sidera
815 2579 935 2652 omna,
966 2572 996 2636 X
1019 2576 1080 2636 547
1107 2592 1159 2654 sq:
1192 2573 1398 2636 Constructas

144 2674 391 2757 aceroolnyenti
405 2695 494 2736 mons
516 2694 681 2737 annorum
703 2673 851 2758 suendot
873 2673 917 2736 ad
940 2678 1039 2754 astra,
1062 2672 1132 2736 XlV
1155 2678 1216 2737 208
1234 2693 1287 2756 sq:
1305 2673 1398 2740 Altor

144 2794 295 2860 equorum
316 2773 406 2838 Mille
429 2774 516 2856 rapit
536 2782 675 2838 turenaun
697 2782 790 2859 atque
812 2773 988 2838 hinnitibus
1010 2795 1088 2838 aera
1108 2774 1254 2856 damnat
1285 2774 1395 2838 Reluc-

142 2896 230 2940 reone
252 2876 374 2940 ooloens
396 2875 546 2958 Acronus
568 2875 613 2938 ad
634 2876 748 2938 inania
777 2873 908 2954 nubem,
944 2873 1024 2936 XVll
1053 2878 1091 2936 65
1119 2895 1172 2956 sq:
1211 2875 1398 2960 Densaeone

138 2999 200 3060 per
228 2998 328 3041 annos
356 2974 538 3040 Condebont
565 2973 681 3038 iaculis
703 2970 911 3038 stridentibus
933 2974 1061 3038 aethera
1083 2974 1198 3056 nubes,
1232 2975 1312 3038 XVll
1337 2981 1395 3038 103

142 3097 194 3158 sq:
219 3077 438 3160 Semiustaqne
461 3081 567 3140 castra
590 3073 730 3138 Ardenti
751 3074 885 3137 uolitant
901 3095 964 3157 per
985 3075 1096 3138 nubila
1118 3097 1243 3140 saturno
1268 3077 1394 3158 fauilla

143 3177 223 3243 XVll
246 3182 322 3240 178:
347 3176 390 3240 Et
403 3176 519 3239 luceret
540 3175 830 3257 sceleratisAfrica
848 3177 1000 3259 flaminis,
1022 3175 1064 3240 lX
1086 3183 1147 3240 466
1171 3198 1223 3260 sq:
1250 3179 1312 3242 Hic
1335 3179 1395 3243 dea

143 3278 322 3343 coriculsanl
345 3276 463 3359 rapido
484 3279 648 3341 conamine
665 3283 793 3360 portem
823 3277 930 3341 Vicini
949 3281 1064 3342 montis
1092 3281 1291 3365 scopulisque
1323 3281 1394 3344 hor-

142 3380 244 3443 rentia
276 3400 357 3441 sano
392 3378 431 3441 In
465 3377 602 3440 Manen
636 3377 819 3460 furibundo
846 3381 923 3444 iacit
945 3380 1094 3464 lanaeque
1116 3380 1232 3443 relatos
1255 3380 1396 3470 Exponit

142 3481 263 3544 sonitus
286 3477 468 3560 treinosacto
496 3478 588 3540 litore
606 3480 724 3561 Sason,
751 3480 815 3544 Xlll
840 3486 916 3544 141:
948 3479 990 3542 nl
1011 3483 1081 3544 telis
1104 3483 1139 3543 in
1161 3502 1279 3545 norem
1301 3481 1395 3544 inda·

137 3582 223 3665 ainis
246 3581 343 3644 ambit
363 3578 422 3661 [sc.
445 3579 562 3644 urbem
584 3580 764 3666 Capuam]‚
800 3581 870 3646 XlV
893 3587 968 3644 324:
1005 3581 1048 3644 ol
1079 3580 1218 3645 mediani
1249 3589 1394 3646 runcato

142 3680 274 3764 [manus
308 3678 426 3763 ferrea]
445 3678 569 3760 ferebat
589 3683 623 3744 in
654 3684 762 3747 urben
790 3683 996 3767 [bellantes]‚
1030 3680 1099 3744 xlv
1133 3685 1194 3744 350
1226 3701 1282 3762 sq:
1322 3681 1393 3746 Non

139 3781 230 3844 illum
252 3780 366 3844 neuneu
388 3801 571 3848 numerasse
593 3784 722 3866 capacis
743 3783 882 3848 harenas
911 3783 1003 3846 Vana
1023 3781 1112 3865 fides.

594 4085 641 4166 F.
668 4086 732 4166 lle
758 4085 926 4167 ironia.

222 4284 361 4365 Figurae
383 4288 415 4347 et
436 4283 521 4366 tropi
546 4283 708 4366 quaedam
732 4288 768 4348 ut
785 4304 944 4367 perquam
962 4285 1052 4349 tenui
1069 4285 1170 4350 limite
1193 4286 1393 4369 dividuntur,

141 4388 184 4452 ita
206 4385 313 4450 ironia
335 4383 376 4449 ab
401 4383 472 4448 aliis
499 4384 583 4448 inter
612 4389 734 4469 figuras
765 4387 955 4464 sententiae,
987 4388 1029 4451 ab
1061 4388 1132 4452 aliis
1162 4389 1247 4453 inter
1277 4393 1392 4472 tropos

139 4489 240 4552 relata
262 4490 319 4552 est.
363 4485 583 4563 Quintilianus
607 4491 717 4550 aulem
739 4485 820 4552 mihi
840 4505 955 4552 verum
988 4489 1110 4554 vidisse
1142 4489 1280 4568 videtur,
1311 4491 1392 4556 alias

140 4588 262 4652 ironiae
285 4585 410 4668 species
432 4587 543 4666 tropis,
568 4587 648 4650 alias
673 4588 785 4667 figuris
808 4588 1055 4670 subiungendas
1078 4609 1149 4652 esse
1180 4596 1281 4655 ratus.
1327 4589 1392 4654 Sed
