<?xml version="1.0" encoding="UTF-8"?>
<!DOCTYPE html PUBLIC "-//W3C//DTD XHTML 1.0 Transitional//EN"
    "http://www.w3.org/TR/xhtml1/DTD/xhtml1-transitional.dtd">
<html xmlns="http://www.w3.org/1999/xhtml" xml:lang="en" lang="en">
 <head>
  <title>
</title>
<meta http-equiv="Content-Type" content="text/html;charset=utf-8" />
  <meta name='ocr-system' content='tesseract 3.04.00' />
  <meta name='ocr-capabilities' content='ocr_page ocr_carea ocr_par ocr_line ocrx_word'/>
</head>
<body>
  <div class='ocr_page' id='page_1' title='image "./detibsiliiitali00frangoog_0107.png"; bbox 0 0 3112 5000; ppageno 0'>
   <div class='ocr_carea' id='block_1_1' title="bbox 719 275 849 370">
    <p class='ocr_par' dir='ltr' id='par_1_1' title="bbox 719 275 849 370">
     <span class='ocr_line' id='line_1_1' title="bbox 719 275 849 370; baseline -0.008 -32"><span class='ocrx_word' id='word_1_1' title='bbox 719 275 849 370; x_wconf 36' lang='lat' dir='ltr'>*po-2</span> 
     </span>
    </p>
   </div>
   <div class='ocr_carea' id='block_1_2' title="bbox 99 439 1540 4653">
    <p class='ocr_par' dir='ltr' id='par_1_2' title="bbox 189 439 1455 1330">
     <span class='ocr_line' id='line_1_2' title="bbox 189 439 1451 524; baseline -0.003 -17"><span class='ocrx_word' id='word_1_2' title='bbox 189 458 259 508; x_wconf 81' lang='lat' dir='ltr'>rere</span> <span class='ocrx_word' id='word_1_3' title='bbox 294 441 431 506; x_wconf 84' lang='lat' dir='ltr'>videtur.</span> <span class='ocrx_word' id='word_1_4' title='bbox 477 441 612 523; x_wconf 76' lang='lat' dir='ltr'>Libyae,</span> <span class='ocrx_word' id='word_1_5' title='bbox 648 439 681 505; x_wconf 94' lang='lat' dir='ltr'>id</span> <span class='ocrx_word' id='word_1_6' title='bbox 717 441 806 524; x_wconf 88' lang='lat' dir='ltr'>quod</span> <span class='ocrx_word' id='word_1_7' title='bbox 840 443 903 508; x_wconf 90' lang='lat' dir='ltr'>troc</span> <span class='ocrx_word' id='word_1_8' title='bbox 942 444 1015 507; x_wconf 89' lang='lat' dir='ltr'>loco</span> <span class='ocrx_word' id='word_1_9' title='bbox 1045 441 1219 524; x_wconf 76' lang='lat' dir='ltr'>legendum</span> <span class='ocrx_word' id='word_1_10' title='bbox 1242 461 1315 506; x_wconf 89' lang='lat' dir='ltr'>esse</span> <span class='ocrx_word' id='word_1_11' title='bbox 1341 442 1451 505; x_wconf 89' lang='lat' dir='ltr'>Daus-</span> 
     </span>
     <span class='ocr_line' id='line_1_3' title="bbox 190 540 1453 627; baseline -0.004 -20"><span class='ocrx_word' id='word_1_12' title='bbox 190 543 306 627; x_wconf 86' lang='lat' dir='ltr'>queius</span> <span class='ocrx_word' id='word_1_13' title='bbox 329 541 437 607; x_wconf 86' lang='lat' dir='ltr'>etalii</span> <span class='ocrx_word' id='word_1_14' title='bbox 459 545 676 622; x_wconf 84' lang='lat' dir='ltr'>putavemnt‚</span> <span class='ocrx_word' id='word_1_15' title='bbox 713 543 762 606; x_wconf 91' lang='lat' dir='ltr'>vel</span> <span class='ocrx_word' id='word_1_16' title='bbox 786 543 829 610; x_wconf 90' lang='lat' dir='ltr'>ab</span> <span class='ocrx_word' id='word_1_17' title='bbox 852 563 925 608; x_wconf 89' lang='lat' dir='ltr'>eam</span> <span class='ocrx_word' id='word_1_18' title='bbox 949 563 1084 608; x_wconf 87' lang='lat' dir='ltr'>causam</span> <span class='ocrx_word' id='word_1_19' title='bbox 1107 561 1242 625; x_wconf 91' lang='lat' dir='ltr'>prorsus</span> <span class='ocrx_word' id='word_1_20' title='bbox 1264 540 1364 604; x_wconf 89' lang='lat' dir='ltr'>nihili</span> <span class='ocrx_word' id='word_1_21' title='bbox 1395 544 1453 618; x_wconf 83' lang='lat' dir='ltr'>est,</span> 
     </span>
     <span class='ocr_line' id='line_1_4' title="bbox 190 641 1453 728; baseline -0.005 -19"><span class='ocrx_word' id='word_1_22' title='bbox 190 644 280 728; x_wconf 91' lang='lat' dir='ltr'>quod</span> <span class='ocrx_word' id='word_1_23' title='bbox 317 643 391 726; x_wconf 86' lang='lat' dir='ltr'>quis</span> <span class='ocrx_word' id='word_1_24' title='bbox 427 641 488 706; x_wconf 93' lang='lat' dir='ltr'>sibi</span> <span class='ocrx_word' id='word_1_25' title='bbox 511 661 620 706; x_wconf 89' lang='lat' dir='ltr'>rerum</span> <span class='ocrx_word' id='word_1_26' title='bbox 656 642 765 708; x_wconf 73' lang='lat' dir='ltr'>nenos</span> <span class='ocrx_word' id='word_1_27' title='bbox 793 642 971 726; x_wconf 89' lang='lat' dir='ltr'>depascere</span> <span class='ocrx_word' id='word_1_28' title='bbox 993 663 1094 708; x_wconf 89' lang='lat' dir='ltr'>ausus</span> <span class='ocrx_word' id='word_1_29' title='bbox 1117 641 1168 718; x_wconf 87' lang='lat' dir='ltr'>sit,</span> <span class='ocrx_word' id='word_1_30' title='bbox 1191 661 1259 706; x_wconf 91' lang='lat' dir='ltr'>non</span> <span class='ocrx_word' id='word_1_31' title='bbox 1283 642 1453 706; x_wconf 88' lang='lat' dir='ltr'>videmus.</span> 
     </span>
     <span class='ocr_line' id='line_1_5' title="bbox 192 742 1454 826; baseline -0.003 -18"><span class='ocrx_word' id='word_1_32' title='bbox 192 743 341 824; x_wconf 76' lang='lat' dir='ltr'>Accedit,</span> <span class='ocrx_word' id='word_1_33' title='bbox 375 742 465 824; x_wconf 90' lang='lat' dir='ltr'>quod</span> <span class='ocrx_word' id='word_1_34' title='bbox 500 743 618 823; x_wconf 76' lang='lat' dir='ltr'>Africa</span> <span class='ocrx_word' id='word_1_35' title='bbox 647 748 677 806; x_wconf 87' lang='lat' dir='ltr'>et</span> <span class='ocrx_word' id='word_1_36' title='bbox 700 744 773 826; x_wconf 88' lang='lat' dir='ltr'>ipsa</span> <span class='ocrx_word' id='word_1_37' title='bbox 795 765 854 826; x_wconf 92' lang='lat' dir='ltr'>pro</span> <span class='ocrx_word' id='word_1_38' title='bbox 878 764 945 812; x_wconf 87' lang='lat' dir='ltr'>uno</span> <span class='ocrx_word' id='word_1_39' title='bbox 969 743 1155 808; x_wconf 80' lang='lat' dir='ltr'>Hannibale</span> <span class='ocrx_word' id='word_1_40' title='bbox 1177 743 1311 824; x_wconf 83' lang='lat' dir='ltr'>legitur,</span> <span class='ocrx_word' id='word_1_41' title='bbox 1353 761 1454 806; x_wconf 87' lang='lat' dir='ltr'>versu</span> 
     </span>
     <span class='ocr_line' id='line_1_6' title="bbox 190 842 1455 930; baseline -0.002 -22"><span class='ocrx_word' id='word_1_42' title='bbox 190 843 264 909; x_wconf 91' lang='lat' dir='ltr'>dico</span> <span class='ocrx_word' id='word_1_43' title='bbox 287 843 343 908; x_wconf 92' lang='lat' dir='ltr'>VII</span> <span class='ocrx_word' id='word_1_44' title='bbox 365 849 438 922; x_wconf 87' lang='grc'>491,</span> <span class='ocrx_word' id='word_1_45' title='bbox 461 842 517 907; x_wconf 90' lang='lat' dir='ltr'>ubi</span> <span class='ocrx_word' id='word_1_46' title='bbox 539 843 621 908; x_wconf 89' lang='lat' dir='ltr'>haec</span> <span class='ocrx_word' id='word_1_47' title='bbox 643 850 789 910; x_wconf 84' lang='lat' dir='ltr'>exstant:</span> <span class='ocrx_word' id='word_1_48' title='bbox 815 846 900 909; x_wconf 89' lang='lat' dir='ltr'>Haic</span> <span class='ocrx_word' id='word_1_49' title='bbox 924 845 1083 930; x_wconf 80' lang='lat' dir='ltr'>Oartlapa</span> <span class='ocrx_word' id='word_1_50' title='bbox 1105 847 1217 924; x_wconf 80' lang='lat' dir='ltr'>anais,</span> <span class='ocrx_word' id='word_1_51' title='bbox 1239 843 1313 908; x_wconf 80' lang='lat' dir='ltr'>haic</span> <span class='ocrx_word' id='word_1_52' title='bbox 1327 842 1455 925; x_wconf 81' lang='lat' dir='ltr'>Africa</span> 
     </span>
     <span class='ocr_line' id='line_1_7' title="bbox 190 941 1454 1029; baseline 0 -21"><span class='ocrx_word' id='word_1_53' title='bbox 190 947 316 1010; x_wconf 79' lang='lat' dir='ltr'>nornine</span> <span class='ocrx_word' id='word_1_54' title='bbox 354 944 449 1010; x_wconf 81' lang='lat' dir='ltr'>cedat.</span> <span class='ocrx_word' id='word_1_55' title='bbox 494 944 607 1026; x_wconf 87' lang='lat' dir='ltr'>Neque</span> <span class='ocrx_word' id='word_1_56' title='bbox 642 945 730 1010; x_wconf 90' lang='lat' dir='ltr'>enirn</span> <span class='ocrx_word' id='word_1_57' title='bbox 758 950 839 1029; x_wconf 91' lang='lat' dir='ltr'>puto</span> <span class='ocrx_word' id='word_1_58' title='bbox 862 965 974 1010; x_wconf 88' lang='lat' dir='ltr'>vemnr</span> <span class='ocrx_word' id='word_1_59' title='bbox 998 945 1118 1010; x_wconf 84' lang='lat' dir='ltr'>vidisse</span> <span class='ocrx_word' id='word_1_60' title='bbox 1142 943 1357 1028; x_wconf 85' lang='lat' dir='ltr'>Rupertium‚</span> <span class='ocrx_word' id='word_1_61' title='bbox 1399 941 1454 1024; x_wconf 90' lang='lat' dir='ltr'>qui</span> 
     </span>
     <span class='ocr_line' id='line_1_8' title="bbox 190 1045 1455 1129; baseline -0.002 -20"><span class='ocrx_word' id='word_1_62' title='bbox 190 1045 266 1110; x_wconf 91' lang='lat' dir='ltr'>huic</span> <span class='ocrx_word' id='word_1_63' title='bbox 281 1045 390 1109; x_wconf 86' lang='lat' dir='ltr'>versui</span> <span class='ocrx_word' id='word_1_64' title='bbox 413 1045 495 1108; x_wconf 88' lang='lat' dir='ltr'>haec</span> <span class='ocrx_word' id='word_1_65' title='bbox 517 1045 701 1109; x_wconf 77' lang='lat' dir='ltr'>annotavit:</span> <span class='ocrx_word' id='word_1_66' title='bbox 726 1047 812 1110; x_wconf 87' lang='lat' dir='ltr'>Haic</span> <span class='ocrx_word' id='word_1_67' title='bbox 835 1045 952 1127; x_wconf 74' lang='lat' dir='ltr'>Africa</span> <span class='ocrx_word' id='word_1_68' title='bbox 975 1069 1056 1110; x_wconf 77' lang='lat' dir='ltr'>narn.</span> <span class='ocrx_word' id='word_1_69' title='bbox 1081 1069 1105 1110; x_wconf 87' lang='lat' dir='ltr'>c.</span> <span class='ocrx_word' id='word_1_70' title='bbox 1129 1046 1242 1116; x_wconf 61' lang='lat' dir='ltr'>(tarrae</span> <span class='ocrx_word' id='word_1_71' title='bbox 1258 1067 1323 1129; x_wconf 88' lang='lat' dir='ltr'>pro</span> <span class='ocrx_word' id='word_1_72' title='bbox 1356 1045 1455 1126; x_wconf 82' lang='lat' dir='ltr'>Afri-</span> 
     </span>
     <span class='ocr_line' id='line_1_9' title="bbox 191 1143 1454 1230; baseline -0.003 -20"><span class='ocrx_word' id='word_1_73' title='bbox 191 1148 265 1210; x_wconf 84' lang='lat' dir='ltr'>cani</span> <span class='ocrx_word' id='word_1_74' title='bbox 287 1166 455 1230; x_wconf 77' lang='lat' dir='ltr'>capanna</span> <span class='ocrx_word' id='word_1_75' title='bbox 477 1147 618 1229; x_wconf 81' lang='lat' dir='ltr'>accipiat.</span> <span class='ocrx_word' id='word_1_76' title='bbox 662 1145 746 1210; x_wconf 88' lang='lat' dir='ltr'>Nam</span> <span class='ocrx_word' id='word_1_77' title='bbox 768 1165 843 1210; x_wconf 90' lang='lat' dir='ltr'>cum</span> <span class='ocrx_word' id='word_1_78' title='bbox 866 1147 994 1212; x_wconf 84' lang='lat' dir='ltr'>Africae</span> <span class='ocrx_word' id='word_1_79' title='bbox 1015 1167 1136 1211; x_wconf 89' lang='lat' dir='ltr'>nornen</span> <span class='ocrx_word' id='word_1_80' title='bbox 1159 1145 1367 1222; x_wconf 82' lang='lat' dir='ltr'>remanserit,</span> <span class='ocrx_word' id='word_1_81' title='bbox 1400 1143 1454 1206; x_wconf 89' lang='lat' dir='ltr'>illa</span> 
     </span>
     <span class='ocr_line' id='line_1_10' title="bbox 190 1245 957 1330; baseline 0 -18"><span class='ocrx_word' id='word_1_82' title='bbox 190 1247 341 1330; x_wconf 89' lang='lat' dir='ltr'>Rupertii</span> <span class='ocrx_word' id='word_1_83' title='bbox 362 1247 426 1311; x_wconf 86' lang='lat' dir='ltr'>loci</span> <span class='ocrx_word' id='word_1_84' title='bbox 447 1245 620 1328; x_wconf 84' lang='lat' dir='ltr'>explicatio</span> <span class='ocrx_word' id='word_1_85' title='bbox 642 1246 722 1311; x_wconf 91' lang='lat' dir='ltr'>mibi</span> <span class='ocrx_word' id='word_1_86' title='bbox 744 1247 957 1329; x_wconf 85' lang='lat' dir='ltr'>improbatur.</span> 
     </span>
    </p>

    <p class='ocr_par' dir='ltr' id='par_1_3' title="bbox 190 1344 1455 2522">
     <span class='ocr_line' id='line_1_11' title="bbox 274 1344 1455 1430; baseline -0.003 -17"><span class='ocrx_word' id='word_1_87' title='bbox 274 1349 446 1413; x_wconf 83' lang='lat' dir='ltr'>Praeterea</span> <span class='ocrx_word' id='word_1_88' title='bbox 470 1367 538 1411; x_wconf 90' lang='lat' dir='ltr'>non</span> <span class='ocrx_word' id='word_1_89' title='bbox 560 1347 695 1429; x_wconf 76' lang='lat' dir='ltr'>Africae</span> <span class='ocrx_word' id='word_1_90' title='bbox 718 1367 848 1424; x_wconf 89' lang='lat' dir='ltr'>nomen,</span> <span class='ocrx_word' id='word_1_91' title='bbox 872 1347 929 1411; x_wconf 88' lang='lat' dir='ltr'>sed</span> <span class='ocrx_word' id='word_1_92' title='bbox 952 1367 1074 1412; x_wconf 92' lang='lat' dir='ltr'>nomen</span> <span class='ocrx_word' id='word_1_93' title='bbox 1103 1350 1256 1430; x_wconf 78' lang='lat' dir='ltr'>Africani</span> <span class='ocrx_word' id='word_1_94' title='bbox 1290 1344 1455 1430; x_wconf 69' lang='lat' dir='ltr'>&#39;Scipioni</span> 
     </span>
     <span class='ocr_line' id='line_1_12' title="bbox 190 1446 1453 1530; baseline -0.001 -17"><span class='ocrx_word' id='word_1_95' title='bbox 190 1447 330 1514; x_wconf 89' lang='lat' dir='ltr'>inditum</span> <span class='ocrx_word' id='word_1_96' title='bbox 362 1450 420 1511; x_wconf 88' lang='lat' dir='ltr'>est.</span> <span class='ocrx_word' id='word_1_97' title='bbox 466 1446 613 1528; x_wconf 89' lang='lat' dir='ltr'>Denique</span> <span class='ocrx_word' id='word_1_98' title='bbox 648 1468 722 1511; x_wconf 90' lang='lat' dir='ltr'>curn</span> <span class='ocrx_word' id='word_1_99' title='bbox 764 1452 899 1530; x_wconf 89' lang='lat' dir='ltr'>propter</span> <span class='ocrx_word' id='word_1_100' title='bbox 924 1448 1098 1530; x_wconf 88' lang='lat' dir='ltr'>repetitum</span> <span class='ocrx_word' id='word_1_101' title='bbox 1127 1448 1206 1513; x_wconf 91' lang='lat' dir='ltr'>illud</span> <span class='ocrx_word' id='word_1_102' title='bbox 1238 1449 1312 1513; x_wconf 80' lang='lat' dir='ltr'>laic</span> <span class='ocrx_word' id='word_1_103' title='bbox 1337 1451 1453 1530; x_wconf 77' lang='lat' dir='ltr'>figura</span> 
     </span>
     <span class='ocr_line' id='line_1_13' title="bbox 190 1547 1454 1632; baseline 0 -20"><span class='ocrx_word' id='word_1_104' title='bbox 190 1548 392 1632; x_wconf 81' lang='lat' dir='ltr'>gradationis</span> <span class='ocrx_word' id='word_1_105' title='bbox 427 1547 541 1614; x_wconf 83' lang='lat' dir='ltr'>Silium</span> <span class='ocrx_word' id='word_1_106' title='bbox 573 1567 669 1612; x_wconf 90' lang='lat' dir='ltr'>usura</span> <span class='ocrx_word' id='word_1_107' title='bbox 697 1567 770 1612; x_wconf 90' lang='lat' dir='ltr'>esse</span> <span class='ocrx_word' id='word_1_108' title='bbox 800 1549 1013 1614; x_wconf 85' lang='lat' dir='ltr'>statuendum</span> <span class='ocrx_word' id='word_1_109' title='bbox 1040 1549 1096 1626; x_wconf 81' lang='lat' dir='ltr'>sit,</span> <span class='ocrx_word' id='word_1_110' title='bbox 1133 1549 1278 1614; x_wconf 81' lang='lat' dir='ltr'>Africam</span> <span class='ocrx_word' id='word_1_111' title='bbox 1309 1550 1454 1614; x_wconf 86' lang='lat' dir='ltr'>nomine</span> 
     </span>
     <span class='ocr_line' id='line_1_14' title="bbox 191 1647 1453 1732; baseline 0.001 -19"><span class='ocrx_word' id='word_1_112' title='bbox 191 1647 337 1731; x_wconf 87' lang='lat' dir='ltr'>Scipioni</span> <span class='ocrx_word' id='word_1_113' title='bbox 358 1647 496 1711; x_wconf 85' lang='lat' dir='ltr'>cessisse</span> <span class='ocrx_word' id='word_1_114' title='bbox 517 1647 624 1712; x_wconf 88' lang='lat' dir='ltr'>maius</span> <span class='ocrx_word' id='word_1_115' title='bbox 647 1647 771 1729; x_wconf 89' lang='lat' dir='ltr'>aliquid</span> <span class='ocrx_word' id='word_1_116' title='bbox 800 1667 871 1712; x_wconf 88' lang='lat' dir='ltr'>esse</span> <span class='ocrx_word' id='word_1_117' title='bbox 898 1653 1043 1729; x_wconf 86' lang='lat' dir='ltr'>oportet,</span> <span class='ocrx_word' id='word_1_118' title='bbox 1080 1669 1179 1731; x_wconf 87' lang='lat' dir='ltr'>quarn</span> <span class='ocrx_word' id='word_1_119' title='bbox 1211 1649 1453 1732; x_wconf 83' lang='lat' dir='ltr'>Carthaginem</span> 
     </span>
     <span class='ocr_line' id='line_1_15' title="bbox 191 1747 1454 1834; baseline 0.002 -22"><span class='ocrx_word' id='word_1_120' title='bbox 191 1748 220 1812; x_wconf 89' lang='lat' dir='ltr'>ei</span> <span class='ocrx_word' id='word_1_121' title='bbox 244 1749 345 1812; x_wconf 85' lang='lat' dir='ltr'>annis</span> <span class='ocrx_word' id='word_1_122' title='bbox 368 1747 513 1812; x_wconf 86' lang='lat' dir='ltr'>cessisse.</span> <span class='ocrx_word' id='word_1_123' title='bbox 558 1747 667 1825; x_wconf 83' lang='lat' dir='ltr'>Quare</span> <span class='ocrx_word' id='word_1_124' title='bbox 689 1767 750 1828; x_wconf 86' lang='lat' dir='ltr'>ego</span> <span class='ocrx_word' id='word_1_125' title='bbox 773 1749 881 1814; x_wconf 85' lang='lat' dir='ltr'>locum</span> <span class='ocrx_word' id='word_1_126' title='bbox 903 1751 949 1814; x_wconf 89' lang='lat' dir='ltr'>sie</span> <span class='ocrx_word' id='word_1_127' title='bbox 976 1751 1119 1832; x_wconf 86' lang='lat' dir='ltr'>explico:</span> <span class='ocrx_word' id='word_1_128' title='bbox 1165 1753 1251 1816; x_wconf 81' lang='lat' dir='ltr'>Huic</span> <span class='ocrx_word' id='word_1_129' title='bbox 1284 1751 1454 1834; x_wconf 76' lang='lat' dir='ltr'>Carthapo</span> 
     </span>
     <span class='ocr_line' id='line_1_16' title="bbox 191 1847 1452 1932; baseline 0.002 -20"><span class='ocrx_word' id='word_1_130' title='bbox 191 1849 279 1927; x_wconf 82' lang='lat' dir='ltr'>lello,</span> <span class='ocrx_word' id='word_1_131' title='bbox 301 1849 375 1913; x_wconf 81' lang='lat' dir='ltr'>laic</span> <span class='ocrx_word' id='word_1_132' title='bbox 397 1847 532 1930; x_wconf 76' lang='lat' dir='ltr'>Africae</span> <span class='ocrx_word' id='word_1_133' title='bbox 549 1850 702 1932; x_wconf 80' lang='lat' dir='ltr'>princeps</span> <span class='ocrx_word' id='word_1_134' title='bbox 723 1847 742 1912; x_wconf 94' lang='lat' dir='ltr'>i.</span> <span class='ocrx_word' id='word_1_135' title='bbox 767 1868 793 1912; x_wconf 89' lang='lat' dir='ltr'>e.</span> <span class='ocrx_word' id='word_1_136' title='bbox 817 1849 983 1915; x_wconf 83' lang='lat' dir='ltr'>Hannibal</span> <span class='ocrx_word' id='word_1_137' title='bbox 1006 1851 1108 1931; x_wconf 82' lang='lat' dir='ltr'>gloria</span> <span class='ocrx_word' id='word_1_138' title='bbox 1144 1851 1246 1916; x_wconf 87' lang='lat' dir='ltr'>cedet.</span> <span class='ocrx_word' id='word_1_139' title='bbox 1291 1851 1452 1915; x_wconf 83' lang='lat' dir='ltr'>Forsitan</span> 
     </span>
     <span class='ocr_line' id='line_1_17' title="bbox 191 1947 1455 2033; baseline 0.001 -20"><span class='ocrx_word' id='word_1_140' title='bbox 191 1949 356 2032; x_wconf 88' lang='lat' dir='ltr'>quispiam</span> <span class='ocrx_word' id='word_1_141' title='bbox 379 1947 508 2012; x_wconf 84' lang='lat' dir='ltr'>Africae</span> <span class='ocrx_word' id='word_1_142' title='bbox 530 1968 610 2012; x_wconf 88' lang='lat' dir='ltr'>voce</span> <span class='ocrx_word' id='word_1_143' title='bbox 633 1967 747 2012; x_wconf 88' lang='lat' dir='ltr'>ornnes</span> <span class='ocrx_word' id='word_1_144' title='bbox 769 1948 867 2014; x_wconf 84' lang='lat' dir='ltr'>Atros</span> <span class='ocrx_word' id='word_1_145' title='bbox 889 1951 1063 2032; x_wconf 84' lang='lat' dir='ltr'>significari</span> <span class='ocrx_word' id='word_1_146' title='bbox 1087 1951 1259 2033; x_wconf 88' lang='lat' dir='ltr'>putaverit.</span> <span class='ocrx_word' id='word_1_147' title='bbox 1293 1951 1339 2014; x_wconf 84' lang='lat' dir='ltr'>At</span> <span class='ocrx_word' id='word_1_148' title='bbox 1354 1949 1455 2032; x_wconf 88' lang='lat' dir='ltr'>quod</span> 
     </span>
     <span class='ocr_line' id='line_1_18' title="bbox 191 2049 1450 2137; baseline 0.001 -21"><span class='ocrx_word' id='word_1_149' title='bbox 191 2055 240 2116; x_wconf 88' lang='lat' dir='ltr'>est</span> <span class='ocrx_word' id='word_1_150' title='bbox 264 2071 375 2114; x_wconf 86' lang='lat' dir='ltr'>nonan</span> <span class='ocrx_word' id='word_1_151' title='bbox 395 2052 530 2113; x_wconf 83' lang='lat' dir='ltr'>eorum?</span> <span class='ocrx_word' id='word_1_152' title='bbox 575 2049 683 2127; x_wconf 90' lang='lat' dir='ltr'>Quam</span> <span class='ocrx_word' id='word_1_153' title='bbox 716 2050 777 2114; x_wconf 88' lang='lat' dir='ltr'>sibi</span> <span class='ocrx_word' id='word_1_154' title='bbox 805 2051 943 2134; x_wconf 68' lang='lat' dir='ltr'>planiam</span> <span class='ocrx_word' id='word_1_155' title='bbox 979 2055 1198 2134; x_wconf 82' lang='lat' dir='ltr'>paraverunt?</span> <span class='ocrx_word' id='word_1_156' title='bbox 1242 2053 1326 2118; x_wconf 89' lang='lat' dir='ltr'>Nam</span> <span class='ocrx_word' id='word_1_157' title='bbox 1366 2053 1450 2137; x_wconf 86' lang='lat' dir='ltr'>quia</span> 
     </span>
     <span class='ocr_line' id='line_1_19' title="bbox 191 2150 1448 2234; baseline -0.001 -17"><span class='ocrx_word' id='word_1_158' title='bbox 191 2153 233 2217; x_wconf 90' lang='lat' dir='ltr'>de</span> <span class='ocrx_word' id='word_1_159' title='bbox 265 2150 427 2234; x_wconf 89' lang='lat' dir='ltr'>personis·</span> <span class='ocrx_word' id='word_1_160' title='bbox 447 2170 554 2216; x_wconf 90' lang='lat' dir='ltr'>sermo</span> <span class='ocrx_word' id='word_1_161' title='bbox 587 2154 649 2228; x_wconf 84' lang='lat' dir='ltr'>est,</span> <span class='ocrx_word' id='word_1_162' title='bbox 687 2172 813 2234; x_wconf 82' lang='lat' dir='ltr'>nornen,</span> <span class='ocrx_word' id='word_1_163' title='bbox 843 2156 879 2216; x_wconf 91' lang='lat' dir='ltr'>ut</span> <span class='ocrx_word' id='word_1_164' title='bbox 898 2153 1009 2217; x_wconf 90' lang='lat' dir='ltr'>multis</span> <span class='ocrx_word' id='word_1_165' title='bbox 1033 2153 1104 2218; x_wconf 87' lang='lat' dir='ltr'>aliis</span> <span class='ocrx_word' id='word_1_166' title='bbox 1127 2153 1330 2218; x_wconf 85' lang='lat' dir='ltr'>Punicorum</span> <span class='ocrx_word' id='word_1_167' title='bbox 1351 2153 1448 2231; x_wconf 91' lang='lat' dir='ltr'>locis,</span> 
     </span>
     <span class='ocr_line' id='line_1_20' title="bbox 190 2251 1447 2335; baseline 0 -18"><span class='ocrx_word' id='word_1_168' title='bbox 190 2272 251 2335; x_wconf 92' lang='lat' dir='ltr'>pro</span> <span class='ocrx_word' id='word_1_169' title='bbox 287 2251 391 2334; x_wconf 79' lang='lat' dir='ltr'>gloria</span> <span class='ocrx_word' id='word_1_170' title='bbox 422 2256 549 2316; x_wconf 84' lang='lat' dir='ltr'>exstare</span> <span class='ocrx_word' id='word_1_171' title='bbox 588 2257 845 2317; x_wconf 90' lang='lat' dir='ltr'>consentaneurrr</span> <span class='ocrx_word' id='word_1_172' title='bbox 875 2256 933 2318; x_wconf 92' lang='lat' dir='ltr'>est.</span> <span class='ocrx_word' id='word_1_173' title='bbox 978 2254 1086 2332; x_wconf 85' lang='lat' dir='ltr'>Quam</span> <span class='ocrx_word' id='word_1_174' title='bbox 1116 2254 1160 2317; x_wconf 91' lang='lat' dir='ltr'>ob</span> <span class='ocrx_word' id='word_1_175' title='bbox 1187 2273 1256 2318; x_wconf 91' lang='lat' dir='ltr'>rem</span> <span class='ocrx_word' id='word_1_176' title='bbox 1282 2253 1447 2320; x_wconf 90' lang='lat' dir='ltr'>hocloco</span> 
     </span>
     <span class='ocr_line' id='line_1_21' title="bbox 191 2351 1446 2437; baseline -0.002 -18"><span class='ocrx_word' id='word_1_177' title='bbox 191 2353 337 2437; x_wconf 72' lang='lat' dir='ltr'>Africae,</span> <span class='ocrx_word' id='word_1_178' title='bbox 381 2351 436 2416; x_wconf 92' lang='lat' dir='ltr'>illo</span> <span class='ocrx_word' id='word_1_179' title='bbox 478 2353 598 2436; x_wconf 75' lang='lat' dir='ltr'>Libyae</span> <span class='ocrx_word' id='word_1_180' title='bbox 637 2351 807 2418; x_wconf 88' lang='lat' dir='ltr'>vocabulis</span> <span class='ocrx_word' id='word_1_181' title='bbox 851 2373 955 2418; x_wconf 91' lang='lat' dir='ltr'>unum</span> <span class='ocrx_word' id='word_1_182' title='bbox 998 2353 1219 2420; x_wconf 90' lang='lat' dir='ltr'>Hannibalem</span> <span class='ocrx_word' id='word_1_183' title='bbox 1265 2354 1446 2437; x_wconf 80' lang='lat' dir='ltr'>significari</span> 
     </span>
     <span class='ocr_line' id='line_1_22' title="bbox 191 2441 1379 2522; baseline -0.006 -2"><span class='ocrx_word' id='word_1_184' title='bbox 191 2441 425 2520; x_wconf 85' lang='lat' dir='ltr'>contenderim.</span> <span class='ocrx_word' id='word_1_185' title='bbox 877 2517 879 2520; x_wconf 77' lang='grc'>,</span> <span class='ocrx_word' id='word_1_186' title='bbox 1376 2517 1379 2522; x_wconf 71' lang='grc'>,</span> 
     </span>
    </p>

    <p class='ocr_par' dir='ltr' id='par_1_4' title="bbox 102 2554 1446 2741">
     <span class='ocr_line' id='line_1_23' title="bbox 273 2554 1446 2639; baseline 0.001 -19"><span class='ocrx_word' id='word_1_187' title='bbox 273 2555 339 2620; x_wconf 82' lang='lat' dir='ltr'>Prd</span> <span class='ocrx_word' id='word_1_188' title='bbox 371 2554 491 2619; x_wconf 85' lang='lat' dir='ltr'>Poenis</span> <span class='ocrx_word' id='word_1_189' title='bbox 514 2555 610 2620; x_wconf 88' lang='lat' dir='ltr'>Silius</span> <span class='ocrx_word' id='word_1_190' title='bbox 631 2555 742 2638; x_wconf 92' lang='lat' dir='ltr'>posuit</span> <span class='ocrx_word' id='word_1_191' title='bbox 763 2555 911 2636; x_wconf 67' lang='lat' dir='ltr'>Asnaum</span> <span class='ocrx_word' id='word_1_192' title='bbox 935 2555 976 2618; x_wconf 95' lang='lat' dir='ltr'>VI</span> <span class='ocrx_word' id='word_1_193' title='bbox 999 2561 1059 2618; x_wconf 79' lang='lat'>302</span> <span class='ocrx_word' id='word_1_194' title='bbox 1081 2559 1217 2639; x_wconf 78' lang='lat' dir='ltr'>supinas</span> <span class='ocrx_word' id='word_1_195' title='bbox 1239 2557 1357 2638; x_wconf 78' lang='lat' dir='ltr'>Africa</span> <span class='ocrx_word' id='word_1_196' title='bbox 1380 2566 1446 2622; x_wconf 84' lang='lat' dir='ltr'>ten·</span> 
     </span>
     <span class='ocr_line' id='line_1_24' title="bbox 102 2655 1379 2741; baseline 0.002 -22"><span class='ocrx_word' id='word_1_197' title='bbox 102 2715 104 2719; x_wconf 87' lang='lat'>.</span> <span class='ocrx_word' id='word_1_198' title='bbox 191 2657 284 2722; x_wconf 86' lang='lat' dir='ltr'>dabat</span> <span class='ocrx_word' id='word_1_199' title='bbox 298 2658 440 2741; x_wconf 82' lang='lat' dir='ltr'>palmas,</span> <span class='ocrx_word' id='word_1_200' title='bbox 463 2655 492 2720; x_wconf 89' lang='lat' dir='ltr'>X</span> <span class='ocrx_word' id='word_1_201' title='bbox 515 2663 585 2721; x_wconf 89' lang='lat'>311.</span> <span class='ocrx_word' id='word_1_202' title='bbox 608 2655 695 2720; x_wconf 85' lang='lat' dir='ltr'>XVII</span> <span class='ocrx_word' id='word_1_203' title='bbox 716 2661 765 2720; x_wconf 91' lang='grc'>60.</span> <span class='ocrx_word' id='word_1_204' title='bbox 1376 2716 1379 2721; x_wconf 90' lang='grc'><em>.</em></span> 
     </span>
    </p>

    <p class='ocr_par' dir='ltr' id='par_1_5' title="bbox 99 2755 1540 2841">
     <span class='ocr_line' id='line_1_25' title="bbox 99 2755 1540 2841; baseline 0.006 -21"><span class='ocrx_word' id='word_1_205' title='bbox 99 2813 102 2820; x_wconf 94' lang='grc'><em>.</em></span> <span class='ocrx_word' id='word_1_206' title='bbox 276 2758 450 2823; x_wconf 86' lang='lat' dir='ltr'>Praeterea</span> <span class='ocrx_word' id='word_1_207' title='bbox 472 2757 623 2838; x_wconf 75' lang='lat' dir='ltr'>leguntur</span> <span class='ocrx_word' id='word_1_208' title='bbox 645 2757 735 2840; x_wconf 92' lang='lat' dir='ltr'>apud</span> <span class='ocrx_word' id='word_1_209' title='bbox 758 2757 872 2822; x_wconf 91' lang='lat' dir='ltr'>Silium</span> <span class='ocrx_word' id='word_1_210' title='bbox 895 2757 1047 2841; x_wconf 72' lang='lat' dir='ltr'>Cyclades</span> <span class='ocrx_word' id='word_1_211' title='bbox 1077 2777 1138 2837; x_wconf 87' lang='lat' dir='ltr'>pro</span> <span class='ocrx_word' id='word_1_212' title='bbox 1174 2757 1289 2822; x_wconf 89' lang='lat' dir='ltr'>incolis</span> <span class='ocrx_word' id='word_1_213' title='bbox 1323 2758 1446 2840; x_wconf 86' lang='lat' dir='ltr'>Cycla·</span> <span class='ocrx_word' id='word_1_214' title='bbox 1537 2755 1540 2829; x_wconf 79' lang='lat' dir='ltr'>l</span> 
     </span>
    </p>

    <p class='ocr_par' dir='ltr' id='par_1_6' title="bbox 186 2857 1540 4150">
     <span class='ocr_line' id='line_1_26' title="bbox 192 2857 1540 2940; baseline 0 -16"><span class='ocrx_word' id='word_1_215' title='bbox 192 2860 270 2924; x_wconf 91' lang='lat' dir='ltr'>dum</span> <span class='ocrx_word' id='word_1_216' title='bbox 293 2859 387 2922; x_wconf 85' lang='grc'>1471</span> <span class='ocrx_word' id='word_1_217' title='bbox 411 2877 460 2940; x_wconf 87' lang='lat' dir='ltr'>sq,</span> <span class='ocrx_word' id='word_1_218' title='bbox 485 2857 604 2922; x_wconf 79' lang='lat' dir='ltr'>Gallia.</span> <span class='ocrx_word' id='word_1_219' title='bbox 616 2877 678 2940; x_wconf 91' lang='lat' dir='ltr'>pro</span> <span class='ocrx_word' id='word_1_220' title='bbox 701 2857 800 2923; x_wconf 87' lang='lat' dir='ltr'>Gallis</span> <span class='ocrx_word' id='word_1_221' title='bbox 823 2858 836 2921; x_wconf 90' lang='lat'>1</span> <span class='ocrx_word' id='word_1_222' title='bbox 859 2863 919 2920; x_wconf 84' lang='lat'>656</span> <span class='ocrx_word' id='word_1_223' title='bbox 940 2857 1017 2939; x_wconf 78' lang='lat' dir='ltr'>fara</span> <span class='ocrx_word' id='word_1_224' title='bbox 1040 2858 1160 2940; x_wconf 84' lang='lat' dir='ltr'>Gallia,</span> <span class='ocrx_word' id='word_1_225' title='bbox 1184 2859 1328 2923; x_wconf 79' lang='lat' dir='ltr'>Callaico</span> <span class='ocrx_word' id='word_1_226' title='bbox 1350 2861 1447 2924; x_wconf 80' lang='lat' dir='ltr'>tellas</span> <span class='ocrx_word' id='word_1_227' title='bbox 1539 2887 1540 2908; x_wconf 63' lang='lat' dir='ltr'>r</span> 
     </span>
     <span class='ocr_line' id='line_1_27' title="bbox 191 2958 1446 3042; baseline 0.001 -18"><span class='ocrx_word' id='word_1_228' title='bbox 191 2978 253 3042; x_wconf 91' lang='lat' dir='ltr'>pro</span> <span class='ocrx_word' id='word_1_229' title='bbox 276 2958 433 3024; x_wconf 78' lang='lat' dir='ltr'>Callaecis</span> <span class='ocrx_word' id='word_1_230' title='bbox 456 2959 483 3023; x_wconf 93' lang='lat' dir='ltr'>II</span> <span class='ocrx_word' id='word_1_231' title='bbox 507 2965 566 3022; x_wconf 86' lang='grc'>397</span> <span class='ocrx_word' id='word_1_232' title='bbox 591 2959 753 3024; x_wconf 79' lang='lat' dir='ltr'>Callaicae</span> <span class='ocrx_word' id='word_1_233' title='bbox 774 2959 897 3024; x_wconf 81' lang='lat' dir='ltr'>telluris</span> <span class='ocrx_word' id='word_1_234' title='bbox 919 2980 1009 3042; x_wconf 82' lang='lat' dir='ltr'>opas,</span> <span class='ocrx_word' id='word_1_235' title='bbox 1032 2960 1185 3023; x_wconf 73' lang='lat' dir='ltr'>(laetalia</span> <span class='ocrx_word' id='word_1_236' title='bbox 1206 2979 1267 3042; x_wconf 90' lang='lat' dir='ltr'>pro</span> <span class='ocrx_word' id='word_1_237' title='bbox 1297 2962 1446 3025; x_wconf 88' lang='lat' dir='ltr'>Gaetulis</span> 
     </span>
     <span class='ocr_line' id='line_1_28' title="bbox 191 3041 1540 3142; baseline 0.001 -17"><span class='ocrx_word' id='word_1_238' title='bbox 191 3060 233 3125; x_wconf 93' lang='lat' dir='ltr'>III</span> <span class='ocrx_word' id='word_1_239' title='bbox 273 3065 350 3138; x_wconf 82' lang='lat'>288,</span> <span class='ocrx_word' id='word_1_240' title='bbox 391 3061 492 3124; x_wconf 76' lang='lat' dir='ltr'>‚Piala</span> <span class='ocrx_word' id='word_1_241' title='bbox 524 3081 583 3142; x_wconf 90' lang='lat' dir='ltr'>pro</span> <span class='ocrx_word' id='word_1_242' title='bbox 619 3059 778 3124; x_wconf 85' lang='lat' dir='ltr'>Thularris</span> <span class='ocrx_word' id='word_1_243' title='bbox 813 3059 856 3123; x_wconf 92' lang='lat' dir='ltr'>III</span> <span class='ocrx_word' id='word_1_244' title='bbox 892 3065 952 3124; x_wconf 84' lang='grc'>597</span> <span class='ocrx_word' id='word_1_245' title='bbox 985 3062 1125 3142; x_wconf 80' lang='lat' dir='ltr'>ipnotam</span> <span class='ocrx_word' id='word_1_246' title='bbox 1158 3063 1282 3126; x_wconf 79' lang='lat' dir='ltr'>vincare</span> <span class='ocrx_word' id='word_1_247' title='bbox 1308 3061 1446 3140; x_wconf 72' lang='lat' dir='ltr'>Thalen,</span> <span class='ocrx_word' id='word_1_248' title='bbox 1539 3041 1540 3066; x_wconf 45' lang='lat'>¹</span> 
     </span>
     <span class='ocr_line' id='line_1_29' title="bbox 192 3160 1445 3244; baseline 0 -17"><span class='ocrx_word' id='word_1_249' title='bbox 192 3163 307 3227; x_wconf 81' lang='lat' dir='ltr'>Idume</span> <span class='ocrx_word' id='word_1_250' title='bbox 325 3179 389 3242; x_wconf 39' lang='lat' dir='ltr'>,pro</span> <span class='ocrx_word' id='word_1_251' title='bbox 412 3161 579 3226; x_wconf 85' lang='lat' dir='ltr'>idumanis</span> <span class='ocrx_word' id='word_1_252' title='bbox 602 3160 643 3224; x_wconf 95' lang='lat' dir='ltr'>III</span> <span class='ocrx_word' id='word_1_253' title='bbox 667 3165 729 3224; x_wconf 87' lang='grc'>600</span> <span class='ocrx_word' id='word_1_254' title='bbox 744 3161 957 3244; x_wconf 74' lang='lat' dir='ltr'>palmiferam</span> <span class='ocrx_word' id='word_1_255' title='bbox 982 3211 989 3224; x_wconf 92' lang='lat'>.</span> <span class='ocrx_word' id='word_1_256' title='bbox 1012 3211 1018 3226; x_wconf 87' lang='lat'>.</span> <span class='ocrx_word' id='word_1_257' title='bbox 1044 3211 1050 3224; x_wconf 90' lang='lat'>.</span> <span class='ocrx_word' id='word_1_258' title='bbox 1074 3162 1150 3225; x_wconf 85' lang='lat' dir='ltr'>lello</span> <span class='ocrx_word' id='word_1_259' title='bbox 1172 3162 1338 3226; x_wconf 85' lang='lat' dir='ltr'>domitabit</span> <span class='ocrx_word' id='word_1_260' title='bbox 1363 3163 1445 3227; x_wconf 87' lang='lat' dir='ltr'>Ida·</span> 
     </span>
     <span class='ocr_line' id='line_1_30' title="bbox 190 3262 1445 3346; baseline 0 -20"><span class='ocrx_word' id='word_1_261' title='bbox 190 3283 262 3330; x_wconf 86' lang='lat' dir='ltr'>mea</span> <span class='ocrx_word' id='word_1_262' title='bbox 287 3262 474 3327; x_wconf 85' lang='lat' dir='ltr'>:incolas</span> <span class='ocrx_word' id='word_1_263' title='bbox 510 3262 699 3344; x_wconf 88' lang='lat' dir='ltr'>palmiferae</span> <span class='ocrx_word' id='word_1_264' title='bbox 733 3262 887 3340; x_wconf 88' lang='lat' dir='ltr'>Idumae,</span> <span class='ocrx_word' id='word_1_265' title='bbox 924 3263 1095 3346; x_wconf 75' lang='lat' dir='ltr'>Pomptini</span> <span class='ocrx_word' id='word_1_266' title='bbox 1116 3264 1222 3346; x_wconf 82' lang='lat' dir='ltr'>carapi</span> <span class='ocrx_word' id='word_1_267' title='bbox 1244 3281 1305 3344; x_wconf 92' lang='lat' dir='ltr'>pro</span> <span class='ocrx_word' id='word_1_268' title='bbox 1327 3263 1445 3328; x_wconf 91' lang='lat' dir='ltr'>incolis</span> 
     </span>
     <span class='ocr_line' id='line_1_31' title="bbox 192 3361 1443 3448; baseline -0.002 -19"><span class='ocrx_word' id='word_1_269' title='bbox 192 3383 385 3448; x_wconf 88' lang='lat' dir='ltr'>camporum</span> <span class='ocrx_word' id='word_1_270' title='bbox 393 3363 644 3447; x_wconf 87' lang='lat' dir='ltr'>Pomptinomm</span> <span class='ocrx_word' id='word_1_271' title='bbox 658 3363 727 3426; x_wconf 91' lang='lat' dir='ltr'>VIII</span> <span class='ocrx_word' id='word_1_272' title='bbox 751 3369 820 3442; x_wconf 80' lang='grc'>379,</span> <span class='ocrx_word' id='word_1_273' title='bbox 837 3361 955 3426; x_wconf 90' lang='lat' dir='ltr'>deinde</span> <span class='ocrx_word' id='word_1_274' title='bbox 969 3383 1029 3444; x_wconf 92' lang='lat' dir='ltr'>pro</span> <span class='ocrx_word' id='word_1_275' title='bbox 1040 3361 1197 3444; x_wconf 91' lang='lat' dir='ltr'>Hispanis</span> <span class='ocrx_word' id='word_1_276' title='bbox 1212 3363 1304 3426; x_wconf 86' lang='lat' dir='ltr'>tellas</span> <span class='ocrx_word' id='word_1_277' title='bbox 1318 3363 1443 3428; x_wconf 82' lang='lat' dir='ltr'>Hibera</span> 
     </span>
     <span class='ocr_line' id='line_1_32' title="bbox 192 3463 1442 3549; baseline -0.002 -19"><span class='ocrx_word' id='word_1_278' title='bbox 192 3465 265 3530; x_wconf 84' lang='lat' dir='ltr'>XIII</span> <span class='ocrx_word' id='word_1_279' title='bbox 287 3471 359 3543; x_wconf 87' lang='grc'>471,</span> <span class='ocrx_word' id='word_1_280' title='bbox 397 3466 562 3549; x_wconf 80' lang='lat' dir='ltr'>Hispania</span> <span class='ocrx_word' id='word_1_281' title='bbox 583 3463 656 3528; x_wconf 93' lang='lat' dir='ltr'>XIII</span> <span class='ocrx_word' id='word_1_282' title='bbox 688 3469 747 3526; x_wconf 84' lang='grc'>695</span> <span class='ocrx_word' id='word_1_283' title='bbox 782 3485 820 3529; x_wconf 84' lang='lat' dir='ltr'>aa</span> <span class='ocrx_word' id='word_1_284' title='bbox 837 3466 962 3527; x_wconf 80' lang='lat' dir='ltr'>cesserit</span> <span class='ocrx_word' id='word_1_285' title='bbox 992 3465 1157 3547; x_wconf 79' lang='lat' dir='ltr'>Hispania</span> <span class='ocrx_word' id='word_1_286' title='bbox 1192 3464 1318 3541; x_wconf 82' lang='lat' dir='ltr'>Poenis,</span> <span class='ocrx_word' id='word_1_287' title='bbox 1350 3464 1442 3527; x_wconf 84' lang='lat' dir='ltr'>tellas</span> 
     </span>
     <span class='ocr_line' id='line_1_33' title="bbox 192 3563 1441 3650; baseline -0.001 -23"><span class='ocrx_word' id='word_1_288' title='bbox 192 3567 330 3650; x_wconf 52' lang='lat' dir='ltr'>&amp;ranas</span> <span class='ocrx_word' id='word_1_289' title='bbox 352 3563 410 3628; x_wconf 89' lang='lat' dir='ltr'>XV</span> <span class='ocrx_word' id='word_1_290' title='bbox 432 3569 491 3626; x_wconf 79' lang='lat'>451</span> <span class='ocrx_word' id='word_1_291' title='bbox 517 3565 657 3650; x_wconf 74' lang='lat' dir='ltr'>Pyrenes</span> <span class='ocrx_word' id='word_1_292' title='bbox 678 3565 850 3628; x_wconf 79' lang='lat' dir='ltr'>caratenita</span> <span class='ocrx_word' id='word_1_293' title='bbox 876 3565 977 3647; x_wconf 83' lang='lat' dir='ltr'>talias,</span> <span class='ocrx_word' id='word_1_294' title='bbox 1013 3571 1100 3629; x_wconf 86' lang='lat' dir='ltr'>tarra</span> <span class='ocrx_word' id='word_1_295' title='bbox 1124 3565 1245 3628; x_wconf 82' lang='lat' dir='ltr'>Hibera</span> <span class='ocrx_word' id='word_1_296' title='bbox 1274 3564 1347 3628; x_wconf 90' lang='lat' dir='ltr'>XVI</span> <span class='ocrx_word' id='word_1_297' title='bbox 1381 3570 1441 3627; x_wconf 81' lang='lat'>245</span> 
     </span>
     <span class='ocr_line' id='line_1_34' title="bbox 192 3663 1441 3749; baseline -0.004 -19"><span class='ocrx_word' id='word_1_298' title='bbox 192 3675 296 3731; x_wconf 82' lang='lat' dir='ltr'>tarrae</span> <span class='ocrx_word' id='word_1_299' title='bbox 313 3673 451 3749; x_wconf 76' lang='lat' dir='ltr'>pacator</span> <span class='ocrx_word' id='word_1_300' title='bbox 473 3665 622 3744; x_wconf 78' lang='lat' dir='ltr'>Hiberae,</span> <span class='ocrx_word' id='word_1_301' title='bbox 650 3665 813 3728; x_wconf 80' lang='lat' dir='ltr'>Tartessia</span> <span class='ocrx_word' id='word_1_302' title='bbox 834 3665 926 3728; x_wconf 86' lang='lat' dir='ltr'>tellas</span> <span class='ocrx_word' id='word_1_303' title='bbox 948 3663 1020 3728; x_wconf 93' lang='lat' dir='ltr'>XIII</span> <span class='ocrx_word' id='word_1_304' title='bbox 1044 3669 1114 3730; x_wconf 87' lang='grc'><strong>674.</strong></span> <span class='ocrx_word' id='word_1_305' title='bbox 1148 3664 1207 3728; x_wconf 94' lang='lat' dir='ltr'>XV</span> <span class='ocrx_word' id='word_1_306' title='bbox 1238 3671 1256 3726; x_wconf 84' lang='lat'>5</span> <span class='ocrx_word' id='word_1_307' title='bbox 1288 3685 1337 3747; x_wconf 87' lang='lat' dir='ltr'>sq.</span> <span class='ocrx_word' id='word_1_308' title='bbox 1370 3665 1441 3732; x_wconf 89' lang='lat' dir='ltr'>XVI</span> 
     </span>
     <span class='ocr_line' id='line_1_35' title="bbox 192 3765 1440 3849; baseline -0.002 -19"><span class='ocrx_word' id='word_1_309' title='bbox 192 3771 252 3830; x_wconf 86' lang='grc'>646</span> <span class='ocrx_word' id='word_1_310' title='bbox 275 3786 325 3848; x_wconf 87' lang='lat' dir='ltr'>sq,</span> <span class='ocrx_word' id='word_1_311' title='bbox 350 3769 418 3830; x_wconf 87' lang='lat' dir='ltr'>tum</span> <span class='ocrx_word' id='word_1_312' title='bbox 446 3765 620 3829; x_wconf 80' lang='lat' dir='ltr'>Trinacria</span> <span class='ocrx_word' id='word_1_313' title='bbox 642 3785 702 3848; x_wconf 93' lang='lat' dir='ltr'>pro</span> <span class='ocrx_word' id='word_1_314' title='bbox 725 3765 842 3830; x_wconf 87' lang='lat' dir='ltr'>Siculis</span> <span class='ocrx_word' id='word_1_315' title='bbox 865 3765 936 3830; x_wconf 91' lang='lat' dir='ltr'>XIV</span> <span class='ocrx_word' id='word_1_316' title='bbox 961 3771 1030 3843; x_wconf 88' lang='grc'>110,</span> <span class='ocrx_word' id='word_1_317' title='bbox 1061 3765 1154 3829; x_wconf 86' lang='lat' dir='ltr'>tellas</span> <span class='ocrx_word' id='word_1_318' title='bbox 1188 3767 1347 3849; x_wconf 78' lang='lat' dir='ltr'>Acppptia</span> <span class='ocrx_word' id='word_1_319' title='bbox 1381 3785 1440 3848; x_wconf 91' lang='lat' dir='ltr'>pro</span> 
     </span>
     <span class='ocr_line' id='line_1_36' title="bbox 191 3865 1440 3952; baseline -0.002 -21"><span class='ocrx_word' id='word_1_320' title='bbox 191 3866 349 3949; x_wconf 57' lang='lat' dir='ltr'>Aegyptis</span> <span class='ocrx_word' id='word_1_321' title='bbox 379 3865 451 3929; x_wconf 94' lang='lat' dir='ltr'>XIII</span> <span class='ocrx_word' id='word_1_322' title='bbox 477 3871 539 3928; x_wconf 88' lang='grc'>474</span> <span class='ocrx_word' id='word_1_323' title='bbox 566 3885 605 3950; x_wconf 89' lang='lat' dir='ltr'>sq</span> <span class='ocrx_word' id='word_1_324' title='bbox 642 3869 800 3952; x_wconf 77' lang='lat' dir='ltr'>Acppptia</span> <span class='ocrx_word' id='word_1_325' title='bbox 825 3867 918 3931; x_wconf 85' lang='lat' dir='ltr'>tellas</span> <span class='ocrx_word' id='word_1_326' title='bbox 941 3917 948 3930; x_wconf 94' lang='lat'>.</span> <span class='ocrx_word' id='word_1_327' title='bbox 973 3917 980 3930; x_wconf 84' lang='lat'>.</span> <span class='ocrx_word' id='word_1_328' title='bbox 1005 3917 1011 3930; x_wconf 95' lang='lat'>.</span> <span class='ocrx_word' id='word_1_329' title='bbox 1036 3866 1157 3930; x_wconf 83' lang='lat' dir='ltr'>clandit</span> <span class='ocrx_word' id='word_1_330' title='bbox 1181 3915 1187 3928; x_wconf 91' lang='lat'>.</span> <span class='ocrx_word' id='word_1_331' title='bbox 1212 3913 1219 3927; x_wconf 92' lang='lat'>.</span> <span class='ocrx_word' id='word_1_332' title='bbox 1244 3915 1250 3928; x_wconf 93' lang='lat'>.</span> <span class='ocrx_word' id='word_1_333' title='bbox 1274 3886 1353 3930; x_wconf 79' lang='lat' dir='ltr'>sano</span> <span class='ocrx_word' id='word_1_334' title='bbox 1375 3888 1440 3932; x_wconf 84' lang='lat' dir='ltr'>aar·</span> 
     </span>
     <span class='ocr_line' id='line_1_37' title="bbox 186 3965 1440 4051; baseline 0.001 -21"><span class='ocrx_word' id='word_1_335' title='bbox 186 3987 283 4051; x_wconf 81' lang='lat' dir='ltr'>para,</span> <span class='ocrx_word' id='word_1_336' title='bbox 307 3965 425 4031; x_wconf 87' lang='lat' dir='ltr'>Pontas</span> <span class='ocrx_word' id='word_1_337' title='bbox 447 3986 508 4048; x_wconf 91' lang='lat' dir='ltr'>pra</span> <span class='ocrx_word' id='word_1_338' title='bbox 530 3967 681 4050; x_wconf 81' lang='lat' dir='ltr'>gentibus</span> <span class='ocrx_word' id='word_1_339' title='bbox 710 3967 856 4032; x_wconf 83' lang='lat' dir='ltr'>Ponticis</span> <span class='ocrx_word' id='word_1_340' title='bbox 883 3967 956 4032; x_wconf 92' lang='lat' dir='ltr'>XIII</span> <span class='ocrx_word' id='word_1_341' title='bbox 987 3973 1047 4030; x_wconf 85' lang='grc'>477</span> <span class='ocrx_word' id='word_1_342' title='bbox 1080 3987 1117 4049; x_wconf 88' lang='lat' dir='ltr'>sq</span> <span class='ocrx_word' id='word_1_343' title='bbox 1149 3967 1271 4030; x_wconf 87' lang='lat' dir='ltr'>Pantas</span> <span class='ocrx_word' id='word_1_344' title='bbox 1306 3968 1440 4032; x_wconf 85' lang='lat' dir='ltr'>institnit</span> 
     </span>
     <span class='ocr_line' id='line_1_38' title="bbox 192 4066 1268 4150; baseline -0.001 -18"><span class='ocrx_word' id='word_1_345' title='bbox 192 4088 329 4140; x_wconf 81' lang='lat' dir='ltr'>vacuare</span> <span class='ocrx_word' id='word_1_346' title='bbox 349 4071 465 4148; x_wconf 76' lang='lat' dir='ltr'>airam,</span> <span class='ocrx_word' id='word_1_347' title='bbox 488 4067 645 4132; x_wconf 80' lang='lat' dir='ltr'>Macetum</span> <span class='ocrx_word' id='word_1_348' title='bbox 669 4068 781 4133; x_wconf 87' lang='lat' dir='ltr'>domas</span> <span class='ocrx_word' id='word_1_349' title='bbox 802 4088 863 4150; x_wconf 91' lang='lat' dir='ltr'>pro</span> <span class='ocrx_word' id='word_1_350' title='bbox 885 4067 1122 4134; x_wconf 87' lang='lat' dir='ltr'>Macedonibus</span> <span class='ocrx_word' id='word_1_351' title='bbox 1145 4066 1217 4130; x_wconf 96' lang='lat' dir='ltr'>XIV</span> <span class='ocrx_word' id='word_1_352' title='bbox 1241 4076 1268 4131; x_wconf 87' lang='lat'>5.</span> 
     </span>
    </p>

    <p class='ocr_par' dir='ltr' id='par_1_7' title="bbox 191 4166 1438 4653">
     <span class='ocr_line' id='line_1_39' title="bbox 276 4166 1438 4252; baseline 0.001 -19"><span class='ocrx_word' id='word_1_353' title='bbox 276 4169 380 4252; x_wconf 78' lang='lat' dir='ltr'>Spntis</span> <span class='ocrx_word' id='word_1_354' title='bbox 402 4166 563 4249; x_wconf 85' lang='lat' dir='ltr'>significat</span> <span class='ocrx_word' id='word_1_355' title='bbox 585 4169 715 4234; x_wconf 85' lang='lat' dir='ltr'>accolas</span> <span class='ocrx_word' id='word_1_356' title='bbox 737 4169 882 4251; x_wconf 84' lang='lat' dir='ltr'>Syrtium</span> <span class='ocrx_word' id='word_1_357' title='bbox 904 4171 994 4236; x_wconf 88' lang='lat' dir='ltr'>XVll</span> <span class='ocrx_word' id='word_1_358' title='bbox 1018 4175 1080 4233; x_wconf 83' lang='lat'>634</span> <span class='ocrx_word' id='word_1_359' title='bbox 1102 4175 1134 4234; x_wconf 89' lang='lat' dir='ltr'>et</span> <span class='ocrx_word' id='word_1_360' title='bbox 1156 4169 1364 4250; x_wconf 79' lang='lat' dir='ltr'>singulariter</span> <span class='ocrx_word' id='word_1_361' title='bbox 1386 4191 1438 4234; x_wconf 81' lang='lat' dir='ltr'>er-</span> 
     </span>
     <span class='ocr_line' id='line_1_40' title="bbox 192 4267 1438 4355; baseline 0 -23"><span class='ocrx_word' id='word_1_362' title='bbox 192 4271 256 4332; x_wconf 89' lang='lat' dir='ltr'>stat</span> <span class='ocrx_word' id='word_1_363' title='bbox 278 4287 337 4350; x_wconf 94' lang='lat' dir='ltr'>pro</span> <span class='ocrx_word' id='word_1_364' title='bbox 360 4267 494 4333; x_wconf 75' lang='lat' dir='ltr'>nantas</span> <span class='ocrx_word' id='word_1_365' title='bbox 521 4270 564 4333; x_wconf 88' lang='lat' dir='ltr'>ad</span> <span class='ocrx_word' id='word_1_366' title='bbox 591 4273 700 4355; x_wconf 80' lang='lat' dir='ltr'>Sprtas</span> <span class='ocrx_word' id='word_1_367' title='bbox 727 4271 873 4355; x_wconf 80' lang='lat' dir='ltr'>appulsis</span> <span class='ocrx_word' id='word_1_368' title='bbox 900 4271 913 4333; x_wconf 95' lang='lat' dir='ltr'>I</span> <span class='ocrx_word' id='word_1_369' title='bbox 940 4275 1011 4350; x_wconf 86' lang='grc'>408,</span> <span class='ocrx_word' id='word_1_370' title='bbox 1039 4271 1096 4334; x_wconf 92' lang='lat' dir='ltr'>ubi</span> <span class='ocrx_word' id='word_1_371' title='bbox 1118 4270 1246 4351; x_wconf 82' lang='lat' dir='ltr'>legitur:</span> <span class='ocrx_word' id='word_1_372' title='bbox 1272 4269 1314 4333; x_wconf 82' lang='lat' dir='ltr'>ta</span> <span class='ocrx_word' id='word_1_373' title='bbox 1334 4278 1438 4334; x_wconf 79' lang='lat' dir='ltr'>pastae</span> 
     </span>
     <span class='ocr_line' id='line_1_41' title="bbox 195 4369 1437 4456; baseline 0 -22"><span class='ocrx_word' id='word_1_374' title='bbox 195 4369 358 4435; x_wconf 79' lang='lat' dir='ltr'>Nasamon</span> <span class='ocrx_word' id='word_1_375' title='bbox 381 4372 485 4455; x_wconf 75' lang='lat' dir='ltr'>Syrtis</span> <span class='ocrx_word' id='word_1_376' title='bbox 504 4372 677 4455; x_wconf 77' lang='lat' dir='ltr'>populator</span> <span class='ocrx_word' id='word_1_377' title='bbox 699 4372 876 4456; x_wconf 82' lang='lat' dir='ltr'>Hiempsal,</span> <span class='ocrx_word' id='word_1_378' title='bbox 900 4391 975 4436; x_wconf 87' lang='lat' dir='ltr'>cunr</span> <span class='ocrx_word' id='word_1_379' title='bbox 998 4372 1203 4436; x_wconf 88' lang='lat' dir='ltr'>Nasamones</span> <span class='ocrx_word' id='word_1_380' title='bbox 1240 4389 1307 4435; x_wconf 91' lang='lat' dir='ltr'>nan</span> <span class='ocrx_word' id='word_1_381' title='bbox 1330 4371 1437 4453; x_wconf 88' lang='lat' dir='ltr'>Syrtes</span> 
     </span>
     <span class='ocr_line' id='line_1_42' title="bbox 191 4469 1437 4555; baseline 0.001 -21"><span class='ocrx_word' id='word_1_382' title='bbox 191 4471 438 4553; x_wconf 84' lang='lat' dir='ltr'>popularentur,</span> <span class='ocrx_word' id='word_1_383' title='bbox 461 4469 519 4535; x_wconf 88' lang='lat' dir='ltr'>sed</span> <span class='ocrx_word' id='word_1_384' title='bbox 540 4489 652 4552; x_wconf 87' lang='lat' dir='ltr'>naves,</span> <span class='ocrx_word' id='word_1_385' title='bbox 682 4493 767 4555; x_wconf 85' lang='lat' dir='ltr'>quae</span> <span class='ocrx_word' id='word_1_386' title='bbox 802 4473 846 4538; x_wconf 93' lang='lat' dir='ltr'>ibi</span> <span class='ocrx_word' id='word_1_387' title='bbox 881 4473 1090 4554; x_wconf 82' lang='lat' dir='ltr'>naufraqum</span> <span class='ocrx_word' id='word_1_388' title='bbox 1122 4472 1275 4537; x_wconf 84' lang='lat' dir='ltr'>fecerant.</span> <span class='ocrx_word' id='word_1_389' title='bbox 1320 4471 1377 4536; x_wconf 88' lang='lat' dir='ltr'>XV</span> <span class='ocrx_word' id='word_1_390' title='bbox 1400 4477 1437 4535; x_wconf 83' lang='grc'>86</span> 
     </span>
     <span class='ocr_line' id='line_1_43' title="bbox 192 4569 1436 4653; baseline 0.002 -20"><span class='ocrx_word' id='word_1_391' title='bbox 192 4569 303 4634; x_wconf 76' lang='lat' dir='ltr'>Harae</span> <span class='ocrx_word' id='word_1_392' title='bbox 324 4591 344 4634; x_wconf 93' lang='lat' dir='ltr'>a</span> <span class='ocrx_word' id='word_1_393' title='bbox 366 4569 444 4634; x_wconf 90' lang='lat' dir='ltr'>Silio</span> <span class='ocrx_word' id='word_1_394' title='bbox 469 4571 593 4650; x_wconf 88' lang='lat' dir='ltr'>positus</span> <span class='ocrx_word' id='word_1_395' title='bbox 616 4577 663 4634; x_wconf 87' lang='lat' dir='ltr'>est</span> <span class='ocrx_word' id='word_1_396' title='bbox 696 4592 755 4652; x_wconf 89' lang='lat' dir='ltr'>pro</span> <span class='ocrx_word' id='word_1_397' title='bbox 792 4573 920 4653; x_wconf 88' lang='lat' dir='ltr'>populis</span> <span class='ocrx_word' id='word_1_398' title='bbox 957 4573 989 4635; x_wconf 92' lang='lat' dir='ltr'>in</span> <span class='ocrx_word' id='word_1_399' title='bbox 1025 4571 1171 4635; x_wconf 88' lang='lat' dir='ltr'>orientali</span> <span class='ocrx_word' id='word_1_400' title='bbox 1207 4576 1312 4635; x_wconf 90' lang='lat' dir='ltr'>terrae</span> <span class='ocrx_word' id='word_1_401' title='bbox 1343 4573 1436 4652; x_wconf 79' lang='lat' dir='ltr'>plaga</span> 
     </span>
    </p>
   </div>
   <div class='ocr_carea' id='block_1_3' title="bbox 0 0 1560 4996">
    <p class='ocr_par' dir='ltr' id='par_1_8' title="bbox 0 0 1560 4996">
     <span class='ocr_line' id='line_1_44' title="bbox 0 0 1560 4996; baseline 0 0"><span class='ocrx_word' id='word_1_402' title='bbox 0 0 1560 4996; x_wconf 95' lang='lat' dir='ltr'> </span> 
     </span>
    </p>
   </div>
  </div>
 </body>
</html>
