3112 5000
800 245 860 304 106

202 405 268 470 Pro
296 404 427 488 proeliis
453 410 487 471 et
507 425 630 489 pugna,
657 427 743 488 utrae
764 407 798 471 in
821 427 940 491 campo
962 407 1223 483 committuntur,
1246 404 1342 469 Silius
1365 423 1447 470 sam-

201 525 282 586 pum
305 506 416 590 posuit
437 507 464 568 V
486 513 547 570 433
570 508 719 572 miscebat
741 529 900 593 computu,
922 509 994 573 VIII
1013 514 1084 572 872.
1107 507 1152 571 IX
1173 511 1245 570 481.
1268 505 1297 570 X
1319 511 1391 568 471.

286 607 388 672 Ferae
415 609 448 674 in
477 609 609 674 Punicis
636 613 775 674 vocatae
802 613 880 674 suut
901 611 1003 674 salus
1024 609 1053 672 II
1076 613 1117 671 94
1138 629 1177 691 sq
1207 607 1354 672 Dictaeas
1389 608 1449 690 aqi-

201 715 271 772 lare
287 729 375 796 puer
398 759 405 772 .
429 760 437 773 .
459 711 562 774 saltus
583 717 729 774 assuetus
750 714 782 774 et
805 733 934 776 nauare
955 711 1028 775 XVI
1053 717 1069 772 7
1093 712 1216 794 nuqua
1246 729 1378 774 nnnora
1407 729 1450 772 ee·

201 817 306 876 arra.
350 811 452 876 Alnus
487 810 607 895 [fluvii]
640 831 702 894 pro
737 831 826 894 aqua
859 831 919 895 per
940 811 1051 876 alvum
1072 811 1195 875 fluente
1217 831 1238 874 a
1259 809 1338 874 Silio
1362 829 1451 874 usur-

202 914 282 994 pata
316 915 366 976 est
401 911 443 976 IV
477 917 538 976 602
569 914 794 998 spumantique
816 912 945 976 innubat
966 912 1072 976 aloem
1107 911 1262 976 Similiter
1283 912 1377 996 ripae
1398 930 1451 992 pro

203 1010 299 1076 undis
322 1012 474 1096 leguntur
497 1011 540 1075 VI
563 1017 623 1075 706
646 1013 746 1080 addes
771 1014 879 1078 Ticini
898 1021 1083 1098 spumntes
1104 1013 1261 1095 sanquine
1282 1013 1384 1096 ripas.

287 1114 402 1198 aupes
434 1117 484 1178 est
507 1134 566 1197 pro
593 1115 741 1196 gramim
767 1114 824 1178 VII
851 1119 912 1178 303
934 1135 973 1196 sq
995 1116 1156 1200 sociosque
1178 1116 1212 1177 in
1233 1113 1349 1197 cespite
1370 1112 1452 1194 fresos

203 1221 335 1279 reuocat.
379 1215 473 1280 Bura
493 1215 605 1298 posuit
626 1215 725 1280 Silius
748 1234 809 1298 pro
831 1213 980 1294 fulgibus
1011 1212 1085 1278 VIII
1118 1219 1178 1276 431
1213 1234 1291 1300 qnos
1317 1217 1453 1298 pasena

202 1315 368 1400 seoprelaua
389 1337 471 1380 rura
496 1315 674 1381 Numanae.
705 1315 812 1380 Silvae
833 1318 912 1378 saut
930 1333 993 1396 pro
1015 1313 1188 1378 arboribus
1210 1313 1284 1378 XVI
1306 1319 1326 1377 8
1349 1313 1454 1378 sternit

203 1415 302 1480 siluas
323 1415 484 1500 [tanrasJ.

287 1507 458 1582 Massicus
481 1536 579 1581 muns
609 1537 670 1601 pro
706 1516 783 1580 vino
820 1514 962 1580 Massico
992 1517 1101 1579 exstat
1131 1515 1190 1579 VH
1215 1519 1275 1578 263
1299 1515 1454 1579 Massicus

202 1617 338 1698 uuiferis
359 1617 500 1683 addebat
522 1619 651 1681 nomina
670 1617 778 1702 qlebr's.

218 1747 220 1757 ι
286 1717 435 1801 Denique
456 1717 589 1800 saepius
612 1717 702 1798 apud
724 1716 842 1782 Silium
865 1717 1002 1780 flumina
1024 1735 1085 1797 pro
1106 1736 1195 1800 aqua
1223 1720 1386 1800 usurpata
1411 1715 1456 1778 iu·

203 1818 393 1896 veniuntur,
431 1837 520 1907 quae¹
549 1821 627 1882 sunt
661 1818 791 1882 Rhenus
826 1825 854 1881 et
883 1816 1061 1880 Rhodanus
1095 1817 1215 1896 1594,
1250 1816 1308 1882 ubi
1325 1816 1455 1898 legitur:

202 1920 341 2005 Jamque
363 1921 474 1984 ualuas
496 1919 639 1984 Rhenum
669 1919 921 2003 Rhodanumque
954 1919 987 1980 iu
1023 1917 1134 1981 nubila
1163 1917 1258 1999 lollii,
1297 1919 1456 1981 Vomanus

206 2021 275 2086 VIII
297 2025 359 2086 437
383 2041 422 2103 sq
443 2027 567 2106 statque
588 2020 766 2084 humectata
796 2018 935 2082 Vomano
957 2017 1104 2095 Hadria,
1131 2019 1300 2082 Eridanus
1321 2017 1368 2082 IX
1391 2021 1454 2090 236,

204 2121 315 2186 Baetis
328 2121 404 2186 XIII
418 2127 479 2184 676
495 2120 613 2185 Bnetin
635 2127 765 2204 potare,
788 2118 1015 2202 GanqesXIIl
1043 2125 1102 2185 765
1125 2121 1182 2206 qui
1208 2119 1353 2203 Ganqem
1377 2118 1454 2196 auu,

204 2223 318 2308 Hypsa
341 2229 369 2286 ei
391 2221 505 2286 Alabis
526 2221 598 2285 XIV
621 2226 681 2282 227
705 2220 761 2305 qni
781 2225 898 2302 potant
921 2220 1128 2305 Hypsamque
1150 2220 1341 2306 Alabimque
1372 2239 1453 2285 sono·

203 2345 269 2401 ras,
303 2323 439 2388 Auletes
461 2323 534 2386 XIV
562 2327 624 2385 228
646 2321 798 2385 Achaion
815 2326 947 2403 potare,
969 2341 1114 2403 quocum
1135 2339 1233 2386 versu
1255 2341 1330 2402 e0S,
1353 2319 1412 2404 qai
1431 2316 1454 2380 ei

203 2423 429 2506 insequuntur,
453 2425 621 2510 conferas,
659 2423 716 2488 ubi
741 2422 846 2504 fontes
878 2421 1020 2508 Chrysae
1027 2472 1037 2503 ‚
1073 2422 1253 2506 Hipparis,
1288 2421 1453 2505 Pantaqia,

204 2524 288 2588 rada
311 2523 476 2608 Symaetli
496 2544 557 2606 pro
580 2525 670 2608 aquis
691 2526 831 2603 exstant,
855 2523 912 2605 qui
934 2523 972 2586 iis
996 2522 1174 2606 propinqui
1197 2526 1284 2587 sunt.
1409 2576 1412 2582 .

287 2623 501 2705 Singulariter
526 2625 634 2708 Taqns
655 2644 716 2706 pro
739 2643 831 2704 auro,
854 2625 945 2706 quod
966 2643 1078 2688 secum
1102 2623 1173 2701 tert,
1197 2622 1309 2688 aSilio
1331 2623 1453 2705 positus

203 2727 253 2788 ssi
274 2723 346 2788 XVI
368 2729 430 2786 448
453 2743 493 2806 sq
514 2723 566 2788 his
588 2724 710 2788 verbis:
740 2723 828 2787 Tulit
849 2723 922 2788 luia
943 2727 1059 2789 virtute
1082 2724 1240 2789 secundus
1264 2773 1271 2786 .
1297 2773 1304 2786 .
1328 2725 1395 2789 duo
1403 2743 1455 2808 po

203 2825 277 2888 aula
300 2825 446 2906 aurifero
464 2825 604 2908 perfusa
630 2827 717 2910 Tuan
744 2826 763 2889 7.
791 2846 818 2889 e.
846 2826 913 2892 duo
947 2824 1079 2909 pocula,
1115 2843 1202 2906 quae
1237 2829 1334 2902 auro,
1371 2821 1455 2907 quod

202 2925 323 2990 aurifer
346 2927 460 3006 Tagus
483 2944 596 2990 secum
618 2927 700 3003 tulit,
725 2928 857 3008 perfusa
878 2928 898 2991 i.
922 2948 949 2992 e.
974 2931 1091 2992 ornata
1113 2929 1215 2990 erant.

289 3033 317 3090 4.
341 3025 482 3107 Saepius
505 3025 655 3090 aedificia
677 3031 709 3090 et
731 3033 841 3109 partes
864 3047 979 3092 eorum
1009 3047 1069 3110 pro
1092 3026 1281 3090 hominibus
1302 3030 1335 3089 et
1352 3027 1456 3096 rebus,

205 3145 290 3210 quae
313 3126 415 3190 ineis
443 3125 565 3204 insunt,
591 3131 691 3209 atque
717 3127 800 3192 aliae
828 3148 879 3192 res
914 3129 956 3193 ab
983 3127 1173 3192 homiuibus
1201 3126 1383 3190 fabricatae
1406 3141 1457 3206 pro

204 3226 253 3303 iis,
276 3245 363 3309 quae
385 3227 417 3290 in
441 3226 520 3309 ipsis
542 3227 651 3291 inesse
673 3228 789 3306 solent,
812 3249 832 3293 a
854 3227 933 3292 87170
955 3231 1116 3310 usurpata
1138 3228 1358 3293 inveniuntur.

138 3317 140 3322 ’
290 3327 413 3392 Damus
435 3327 566 3408 quidem
589 3328 707 3408 legitur
727 3349 788 3412 pro
810 3328 944 3405 familia,
966 3326 1067 3412 prole,
1089 3333 1185 3410 gente
1202 3329 1231 3391 11
1255 3335 1293 3391 76
1317 3335 1347 3393 et
1368 3323 1457 3392 Blaesi

205 3428 317 3492 damus
340 3428 468 3512 [spreta
482 3428 546 3511 est]
570 3428 589 3491 7.
605 3447 632 3492 e.
657 3429 714 3492 viri
737 3429 838 3494 domo
861 3429 912 3493 vel
930 3449 948 3493 e
968 3429 1075 3510 patria
1094 3430 1197 3494 Rhesi
1220 3427 1351 3494 oriundi
1365 3421 1455 3510 spreti

205 3532 297 3606 sunts
315 3527 357 3590 IV
381 3533 441 3592 785
468 3549 517 3610 sq.
546 3529 659 3612 prr'ma
691 3529 804 3594 domus
827 3579 835 3593 .
859 3581 866 3593 .
888 3537 1039 3614 rapiatur
1064 3531 1109 3595 nd
1136 3551 1213 3594 aras
1245 3530 1265 3594 i.
1289 3548 1317 3598 e.
1339 3529 1454 3611 primus

203 3627 298 3706 filius,
321 3628 392 3692 VIII
415 3635 477 3692 320
500 3649 549 3710 sq.
580 3650 642 3692 nan
669 3629 720 3692 bia
751 3631 863 3694 damus
883 3631 1011 3716 'hospita
1032 3638 1108 3695 tecto
1130 3633 1244 3702 iuuital
1259 3632 1373 3716 patrio
1395 3629 1412 3692 i.
1432 3644 1453 3688 e.

203 3727 327 3794 familia
349 3733 380 3792 et
403 3729 550 3793 similiter
564 3729 606 3791 VI
621 3733 690 3794 637.
713 3729 869 3796 7111347.
893 3731 937 3795 IX
959 3737 1027 3794 116.
1051 3732 1180 3796 711591.
1204 3731 1277 3796 XIII
1300 3736 1370 3797 288.
1394 3734 1452 3794 671.

202 3829 275 3894 XVI
305 3834 375 3895 593.
398 3833 469 3892 682.
492 3829 579 3894 XVII
602 3834 672 3907 453,
698 3830 752 3913 [07.
776 3831 845 3896 Val.
869 3832 970 3896 71262
994 3853 1042 3914 sq.
1065 3833 1237 3917 V11381.].
1274 3833 1339 3898 Pro
1362 3827 1453 3898 sacris

203 3928 378 4010 penatibus
411 3934 443 3994 et
465 3929 588 3994 taribus
623 3935 729 3996 exstat
757 3934 988 3998 6007001668
1018 3956 1111 3998 sacra
1137 3935 1326 4018 domumque
1346 3934 1451 4016 farem.

204 4029 387 4094 Penaralia
408 4034 546 4111 penates
568 4030 753 4111 significant
766 4033 892 4111 eodem,
916 4053 1016 4116 quem
1035 4034 1135 4098 modo
1155 4033 1232 4111 dixi,
1254 4034 1327 4098 loco
1343 4027 1451 4118 [1668]

204 4137 232 4194 et
243 4131 296 4193 aei
305 4129 488 4213 penetralia
507 4130 611 4194 Turni
624 4132 740 4197 ferens
763 4133 827 4202 Pro
845 4134 996 4218 palladio
1013 4134 1129 4198 Troiae
1144 4138 1191 4197 esi
1211 4134 1374 4217 penetrale
1390 4125 1450 4198 XIII

204 4234 242 4290 62
266 4228 326 4291 brea
347 4231 441 4292 ‘uittas
463 4237 645 4316 castumque
668 4235 755 4317 'refer
772 4235 936 4317 penetrale
957 4243 1135 4319 pareutum.

288 4331 463 4394 Praeterea
490 4350 510 4394 a
540 4332 619 4396 87170
649 4339 807 4417 usurpata
835 4339 911 4398 sunt
943 4335 1109 4398 delrebrmn
1139 4355 1199 4417 pro
1226 4335 1311 4413 deis
1344 4334 1449 4418 quibus

204 4449 332 4494 sacrum
357 4435 415 4509 est,
439 4433 488 4494 vel
513 4434 698 4498 reurniuibus
720 4455 833 4500 eorum
858 4435 899 4497 IV
914 4441 974 4498 819
998 4457 1044 4516 sq.
1070 4436 1105 4497 ali
1125 4438 1237 4520 quatra,
1261 4431 1448 4520 quarumde-

204 4530 297 4594 lubra
315 4532 455 4614 aionien·
477 4532 626 4596 caedibus
649 4539 681 4596 et
702 4536 761 4598 XII
784 4541 846 4597 340
878 4542 906 4598 ei
928 4535 1094 4599 delubrum
1117 4539 1273 4620 sanqume
1294 4536 1448 4605 honorant,
