3112 5000
725 316 871 406 ,13
896 399 906 402 ,

648 476 699 557 Π.
740 477 789 557 lle
815 473 999 556 illusione.

283 629 403 693 Lenior
424 648 593 694 sarcasmo
615 628 721 693 illusio
744 629 859 693 estad
889 647 1029 710 eamque
1060 625 1267 708 potissimum
1302 628 1445 708 spectant

204 747 262 792 eae
283 728 408 792 ironiae
430 728 648 807 definitiones,
670 750 754 812 quas
776 751 879 813 supra
901 728 1003 793 attuli.
1049 727 1198 790 Transeo
1221 726 1319 806 igitur
1342 725 1445 790 statim

199 829 242 892 ad
264 829 394 909 singula
416 829 486 894 eius
509 831 667 912 exempla,
691 849 775 914 quae
798 832 831 894 in
854 829 986 894 Punicis
1009 833 1193 905 occurrunt,
1217 827 1445 892 enumeranda.

198 929 210 991 l
234 935 294 991 342
318 949 357 1010 sq
376 928 552 1006 Hannibal,
576 931 779 994 cumcastris
801 930 873 994 urbi
887 928 1144 1010 Saguntinorum
1172 927 1316 993 admotis
1336 927 1446 991 milites

199 1049 279 1093 snos
301 1029 344 1093 ad
366 1029 486 1094 vallum
510 1029 733 1096 invadendum
756 1051 936 1114 murosque
958 1029 1166 1111 superandos
1189 1029 1447 1110 hortaturatque

197 1131 323 1208 incitat,
346 1131 396 1195 his
419 1131 526 1195 verbis
548 1132 648 1196 finem
670 1131 810 1196 orationi
832 1133 922 1196 facit:
946 1132 999 1196 Eu
1028 1132 1109 1195 bono
1141 1133 1242 1194 uirtus
1269 1131 1447 1194 Prien-itior-

198 1253 258 1316 pue
287 1232 397 1296 ducis!
444 1232 557 1296 'loliue
589 1234 720 1316 implere
746 1254 906 1316 paramus
941 1233 1075 1296 Italiam
1102 1231 1217 1313 foeno?
1249 1231 1329 1294 tales
1357 1253 1446 1315 proe-

199 1335 322 1397 mittere
340 1335 489 1417 pugnos?
531 1334 628 1396 1478
651 1355 690 1416 sq
712 1333 879 1398 Hannibal
910 1335 1068 1410 Murrum,
1099 1331 1155 1414 qui
1186 1331 1308 1394 Poenis
1337 1332 1447 1395 urbem

198 1433 456 1514 Saguntinorum
479 1435 641 1516 aggressis
662 1434 840 1498 fortissime
861 1433 993 1511 resistit,
1017 1432 1063 1498 sic
1085 1432 1203 1496 illudit:
1227 1432 1290 1514 Eu,
1319 1433 1377 1518 qui
1403 1453 1448 1494 res

199 1535 338 1619 libycos
376 1537 562 1620 inceptoque
592 1542 682 1599 tomo
714 1535 864 1614 retardet,
897 1534 1037 1598 Romoui
1065 1534 1201 1598 Maurus
1237 1533 1311 1597 belli
1344 1532 1449 1596 neore!

197 1636 342 1700 Foedere
349 1636 438 1718 foco.
461 1636 533 1700 lom
540 1658 654 1702 uoscas
660 1637 739 1720 quid
747 1641 955 1719 eoreopueout
970 1643 997 1697 et
1003 1641 1104 1698 uester
1113 1635 1253 1698 Hiberus
1266 1638 1369 1716 atque
1385 1651 1448 1697 ma-

196 1737 283 1800 xime
296 1736 397 1818 impie
419 1741 451 1800 et
474 1757 586 1802 amare
608 1737 727 1818 pergit:
750 1737 814 1800 Fer
835 1743 934 1800 tecum
957 1742 1139 1820 costumque
1157 1734 1252 1815 fidem
1266 1741 1449 1819 servatoque

198 1839 287 1918 iuro,
334 1836 488 1921 Deceptos
519 1837 599 1900 mihi
643 1839 749 1922 linque
780 1837 872 1901 deos!
921 1836 1002 1900 Cum
1036 1835 1143 1899 ironia
1174 1840 1206 1899 et
1241 1834 1314 1917 ipsa
1352 1835 1450 1899 verba

197 1935 391 2001 Hannibalis
405 1937 493 2002 dicta
511 1941 596 2016 sunt,
621 1939 943 2020 quibus1509—514
966 1938 1009 2001 ab
1031 1936 1169 2000 Hercule
1190 1935 1347 2000 auxilium
1362 1937 1448 2019 petit.

196 2037 223 2100 lI
245 2043 370 2101 30-35
393 2038 561 2103 Hannibal
583 2039 736 2117 Romam,
759 2059 834 2103 cum
856 2039 991 2119 legatos,
1015 2036 1070 2118 qui
1093 2036 1136 2101 ad
1164 2055 1240 2100 eum
1267 2037 1449 2119 deposcen-

197 2137 276 2201 dum
298 2144 465 2216 venerant,
489 2139 634 2218 vidisset,
658 2142 777 2204 acerbe
804 2139 851 2203 sic
878 2139 1069 2220 alloquitur:
1100 2137 1147 2200 Ne
1173 2137 1312 2221 deposce,
1341 2138 1448 2202 adem.

198 2239 338 2302 Dabitur
360 2239 417 2302 tibi
438 2242 530 2323 eopia
553 2243 654 2304 uestri
676 2250 748 2306 erue
762 2248 967 2325 expectatum,
984 2241 1151 2324 portisque
1171 2239 1314 2324 focisque
1329 2239 1449 2304 timebis

198 2339 285 2418 Quae
316 2361 401 2403 uuue
431 2348 574 2405 externos
614 2341 773 2423 defendis,
805 2342 922 2422 Romo,
948 2347 1091 2424 penates.
1146 2340 1300 2424 Tarpeios
1334 2343 1449 2404 iterum

197 2441 341 2525 scopulos
365 2450 610 2528 ¹praeruptaque
643 2464 723 2506 socco
748 2442 920 2506 Seuudotis
955 2442 1026 2505 licet
1055 2448 1083 2504 et
1115 2443 1231 2504 celsum
1253 2442 1397 2524 migretis
1418 2443 1449 2504 in

197 2563 302 2606 orcem
334 2542 431 2606 Nullo
453 2545 519 2606 iom
543 2546 629 2628 copti
658 2545 755 2607 ouum
783 2543 961 2626 pensabitis
983 2562 1081 2620 orara·
1102 2541 1203 2622 paulo
1225 2544 1300 2622 post
1326 2540 1406 2605 inde
1433 2562 1449 2604 a
1545 2542 1546 2549 '

196 2661 292 2705 versu
315 2647 356 2703 44
378 2640 460 2706 haec
484 2642 574 2706 dicit:
598 2644 776 2722 Pnacium,
799 2664 816 2705 o
838 2643 926 2722 socii,
949 2641 1130 2726 Fabiusque
1152 2665 1167 2705 e
1184 2663 1295 2726 puppe
1323 2649 1450 2708 catam

196 2744 339 2805 (lsteutot
366 2742 549 2827 dominique
577 2749 663 2806 uocat
690 2763 747 2806 uos
773 2745 823 2805 iro
850 2750 979 2806 seuotus
1007 2797 1014 2808 .
1042 2793 1048 2805 .
1078 2792 1084 2804 .
1116 2742 1199 2805 Nom
1221 2763 1290 2821 cur,
1315 2742 1375 2806 Eoi
1398 2743 1448 2806 de-

198 2841 312 2906 ductus
341 2843 463 2926 origiue
490 2841 562 2906 Beli
595 2841 652 2905 Tot
678 2843 800 2926 Libyae
822 2845 963 2928 populis,
994 2850 1038 2905 tot
1074 2843 1290 2925 circumfusus
1321 2844 1449 2908 Hiberis

196 2944 366 3007 Servitium
397 2943 545 3026 perferre
574 2946 703 3027 nepem?
762 2943 926 3008 Rhoeteius
960 2945 1022 3006 imo
1050 2944 1190 3027 Imperet
1228 2950 1393 3008 aeteruum
1424 2951 1448 3008 et

194 3043 323 3126 populis
344 3043 518 3128 saeclisque
534 3053 691 3128 propopet
714 3046 823 3128 Reque
844 3047 947 3126 feroc,
971 3065 1028 3106 uos
1049 3046 1140 3106 iusso
1160 3045 1264 3106 uirum
1286 3051 1448 3130 ‘nutusque

195 3150 375 3209 tremamus.

281 3245 308 3306 ll
331 3250 393 3307 240
415 3265 454 3326 sq
478 3245 642 3310 Hannibal
665 3247 708 3311 ad
731 3247 928 3323 Theronem,
952 3247 1008 3328 qui
1031 3247 1064 3308 in
1079 3247 1226 3326 Sagunto
1241 3245 1447 3309 defendenda

195 3364 349 3426 magnam
373 3344 517 3410 hostium
534 3346 775 3410 multitudinem
795 3348 888 3411 clava
911 3351 1134 3428 prostraverat
1152 3346 1326 3427 ipsamque
1343 3345 1447 3427 Asby·

193 3450 272 3523 tam,
301 3445 424 3524 Iarbae,
453 3446 665 3511 Gaetulorum
694 3449 792 3528 regis,
816 3449 927 3526 tiliam,
959 3448 1164 3510 interfecerat
1194 3446 1445 3528 intersectaeque

195 3550 294 3628 capnt
315 3545 430 3611 hastae
453 3547 635 3628 praefixum
659 3551 861 3614 ostentabat:
911 3550 959 3612 Tu
987 3549 1068 3610 soloe
1097 3549 1215 3610 intereo
1248 3546 1347 3627 uobis,
1371 3547 1446 3609 boue

194 3649 314 3710 ianitor
334 3646 433 3724 urbis
458 3648 668 3732 Supplicium,
698 3656 731 3712 ut
748 3640 1026 3734 prorrdosjiuquit,
1049 3655 1105 3710 tuo
1127 3649 1251 3710 moenio
1273 3647 1340 3710 leto.

277 3746 398 3812 Similis
422 3748 511 3812 loeus
535 3753 641 3814 exstat
663 3750 723 3813 Vlll
748 3750 880 3832 reasq,
903 3749 960 3813 ubi
983 3747 1081 3812 Silius
1104 3748 1139 3811 G.
1156 3747 1347 3810 Terentium
1366 3747 1444 3810 Var-

193 3867 309 3912 ronem
333 3849 502 3914 consulem
526 3855 671 3916 creatum
695 3871 744 3928 se,
769 3871 836 3932 quo
860 3851 913 3914 die
935 3849 1063 3913 bostem
1086 3849 1236 3927 vidisset,
1258 3847 1442 3912 Poenorum

192 3947 278 4012 bello
314 3953 413 4032 atque
448 3950 619 4032 impotenti
650 3955 781 4032 patrum
815 3951 1031 4016 dominationi
1062 3952 1161 4014 finem
1190 3951 1354 4014 facturum
1374 3967 1441 4012 esse

193 4048 367 4129 gloriatum
408 4051 546 4116 Fabium
582 4051 670 4117 illum
708 4052 901 4117 dictatorem
941 4070 1014 4116 cum
1052 4050 1158 4113 ironia
1193 4050 1239 4112 sie
1273 4049 1442 4133 increpan-

191 4153 257 4212 tem
281 4148 368 4214 lecit:

276 4249 426 4326 It'uoruli,
462 4251 538 4316 boire
560 4251 708 4334 dictator,
745 4254 822 4340 quid
845 4253 967 4316 Martio
986 4251 1091 4334 plebes
1118 4251 1298 4332 luipo-ritem
1330 4252 1370 4314 cf.
1400 4248 1440 4312 XI

192 4357 251 4412 567
275 4353 353 4416 horu
377 4353 480 4416 uirum.
526 4352 544 4416 ll
570 4357 629 4414 258
654 4353 816 4417 Hannibal
842 4353 980 4416 eundem
1005 4351 1094 4414 illum
1122 4350 1309 4413 Theronem
1340 4350 1438 4432 clipeo

192 4454 328 4514 stratum
354 4451 398 4516 sit·
424 4451 551 4516 irridet:
592 4453 621 4526 Ι,
647 4455 793 4518 irrisorum
819 4454 956 4538 Asbyten
980 4454 1037 4514 leto
1060 4453 1163 4514 solor-e
1179 4451 1377 4534 propinquo!
1398 4447 1437 4512 lb.

192 4557 253 4614 330
276 4571 323 4634 sq.
354 4553 470 4616 Gestar
492 4551 609 4616 acerbe
632 4551 672 4616 ad
697 4554 893 4617 Hannonem
917 4553 949 4614 in
977 4555 1093 4615 senatu
1127 4549 1437 4630 Carthaginiensium
